<?xml version="1.0" encoding="UTF-8"?>
<!DOCTYPE html PUBLIC "-//W3C//DTD XHTML 1.0 Transitional//EN"
    "http://www.w3.org/TR/xhtml1/DTD/xhtml1-transitional.dtd">
<html xmlns="http://www.w3.org/1999/xhtml" xml:lang="en" lang="en">
 <head>
  <title>
</title>
<meta http-equiv="Content-Type" content="text/html;charset=utf-8" />
  <meta name='ocr-system' content='tesseract 3.04.00' />
  <meta name='ocr-capabilities' content='ocr_page ocr_carea ocr_par ocr_line ocrx_word'/>
</head>
<body>
  <div class='ocr_page' id='page_1' title='image "./operaomniaiussui09thom/operaomniaiussui09thom_0119.png"; bbox 0 0 2860 4244; ppageno 0'>
   <div class='ocr_carea' id='block_1_1' title="bbox 0 146 230 3941">
    <p class='ocr_par' dir='ltr' id='par_1_1' title="bbox 0 146 230 3941">
     <span class='ocr_line' id='line_1_1' title="bbox 0 146 230 3941; baseline 0 0"><span class='ocrx_word' id='word_1_1' title='bbox 0 146 230 3941; x_wconf 95' lang='lat' dir='ltr'> </span> 
     </span>
    </p>
   </div>
   <div class='ocr_carea' id='block_1_2' title="bbox 929 249 1766 299">
    <p class='ocr_par' dir='ltr' id='par_1_2' title="bbox 929 249 1766 299">
     <span class='ocr_line' id='line_1_2' title="bbox 929 249 1766 299; baseline 0.006 -14"><span class='ocrx_word' id='word_1_2' title='bbox 929 249 1195 295; x_wconf 89' lang='lat' dir='ltr'>QUAESTlO</span> <span class='ocrx_word' id='word_1_3' title='bbox 1226 252 1363 299; x_wconf 90' lang='lat' dir='ltr'>LXVI,</span> <span class='ocrx_word' id='word_1_4' title='bbox 1393 253 1688 290; x_wconf 90' lang='lat' dir='ltr'>ARTlCULUS</span> <span class='ocrx_word' id='word_1_5' title='bbox 1718 254 1766 290; x_wconf 87' lang='lat'>111</span> 
     </span>
    </p>
   </div>
   <div class='ocr_carea' id='block_1_3' title="bbox 2384 255 2432 301">
    <p class='ocr_par' dir='ltr' id='par_1_3' title="bbox 2384 255 2432 301">
     <span class='ocr_line' id='line_1_3' title="bbox 2384 255 2432 301; baseline 0 0"><span class='ocrx_word' id='word_1_6' title='bbox 2384 255 2432 301; x_wconf 88' lang='lat'>87</span> 
     </span>
    </p>
   </div>
   <div class='ocr_carea' id='block_1_4' title="bbox 934 351 1761 388">
    <p class='ocr_par' dir='ltr' id='par_1_4' title="bbox 934 351 1761 388">
     <span class='ocr_line' id='line_1_4' title="bbox 934 351 1761 388; baseline 0.005 -4"><span class='ocrx_word' id='word_1_7' title='bbox 934 351 1266 386; x_wconf 72' lang='lat' dir='ltr'>Commentario.</span> <span class='ocrx_word' id='word_1_8' title='bbox 1289 353 1538 388; x_wconf 73' lang='lat' dir='ltr'>Garamans</span> <span class='ocrx_word' id='word_1_9' title='bbox 1561 355 1761 388; x_wconf 82' lang='lat' dir='ltr'>Caietani</span> 
     </span>
    </p>
   </div>
   <div class='ocr_carea' id='block_1_5' title="bbox 285 421 2431 467">
    <p class='ocr_par' dir='ltr' id='par_1_5' title="bbox 285 421 2431 467">
     <span class='ocr_line' id='line_1_5' title="bbox 285 421 2431 467; baseline 0.002 -16"><span class='ocrx_word' id='word_1_10' title='bbox 285 430 306 450; x_wconf 71' lang='grc' dir='ltr'><strong>Ν</strong></span> <span class='ocrx_word' id='word_1_11' title='bbox 328 421 462 452; x_wconf 84' lang='lat' dir='ltr'>articulo</span> <span class='ocrx_word' id='word_1_12' title='bbox 488 421 580 452; x_wconf 89' lang='lat' dir='ltr'>tertio</span> <span class='ocrx_word' id='word_1_13' title='bbox 603 421 745 452; x_wconf 90' lang='lat' dir='ltr'>eiusdem</span> <span class='ocrx_word' id='word_1_14' title='bbox 768 421 1082 461; x_wconf 82' lang='lat' dir='ltr'>sexagesimaesextae</span> <span class='ocrx_word' id='word_1_15' title='bbox 1105 423 1317 462; x_wconf 79' lang='lat' dir='ltr'>quaestionis,</span> <span class='ocrx_word' id='word_1_16' title='bbox 1372 425 1526 455; x_wconf 88' lang='lat' dir='ltr'>rationem</span> <span class='ocrx_word' id='word_1_17' title='bbox 1550 425 1633 462; x_wconf 86' lang='lat' dir='ltr'>furti,</span> <span class='ocrx_word' id='word_1_18' title='bbox 1650 426 1705 456; x_wconf 90' lang='lat' dir='ltr'>sed</span> <span class='ocrx_word' id='word_1_19' title='bbox 1728 425 1854 466; x_wconf 84' lang='lat' dir='ltr'>proprie</span> <span class='ocrx_word' id='word_1_20' title='bbox 1870 425 1991 457; x_wconf 85' lang='lat' dir='ltr'>furtum</span> <span class='ocrx_word' id='word_1_21' title='bbox 2007 434 2053 458; x_wconf 89' lang='lat' dir='ltr'>est</span> <span class='ocrx_word' id='word_1_22' title='bbox 2070 426 2209 467; x_wconf 84' lang='lat' dir='ltr'>accipere</span> <span class='ocrx_word' id='word_1_23' title='bbox 2225 436 2346 457; x_wconf 87' lang='lat' dir='ltr'>servam</span> <span class='ocrx_word' id='word_1_24' title='bbox 2363 426 2431 456; x_wconf 88' lang='lat' dir='ltr'>alie-</span> 
     </span>
    </p>
   </div>
   <div class='ocr_carea' id='block_1_6' title="bbox 203 432 1317 724">
    <p class='ocr_par' dir='ltr' id='par_1_6' title="bbox 203 432 1317 724">
     <span class='ocr_line' id='line_1_6' title="bbox 203 432 1317 505; baseline 0.003 -12"><span class='ocrx_word' id='word_1_25' title='bbox 203 497 206 501; x_wconf 47' lang='lat'>,</span> <span class='ocrx_word' id='word_1_26' title='bbox 257 432 365 495; x_wconf 82' lang='lat' dir='ltr'>Icirca</span> <span class='ocrx_word' id='word_1_27' title='bbox 387 465 544 495; x_wconf 85' lang='lat' dir='ltr'>rationem</span> <span class='ocrx_word' id='word_1_28' title='bbox 566 465 641 496; x_wconf 91' lang='lat' dir='ltr'>furti</span> <span class='ocrx_word' id='word_1_29' title='bbox 665 465 800 496; x_wconf 88' lang='lat' dir='ltr'>occurrit</span> <span class='ocrx_word' id='word_1_30' title='bbox 823 465 971 501; x_wconf 88' lang='lat' dir='ltr'>dubium,</span> <span class='ocrx_word' id='word_1_31' title='bbox 994 465 1070 505; x_wconf 86' lang='lat' dir='ltr'>quia</span> <span class='ocrx_word' id='word_1_32' title='bbox 1093 466 1249 497; x_wconf 89' lang='lat' dir='ltr'>diminuta</span> <span class='ocrx_word' id='word_1_33' title='bbox 1271 468 1317 497; x_wconf 88' lang='lat' dir='ltr'>vi-</span> 
     </span>
     <span class='ocr_line' id='line_1_7' title="bbox 253 508 1317 550; baseline 0.004 -13"><span class='ocrx_word' id='word_1_34' title='bbox 253 508 354 539; x_wconf 86' lang='lat' dir='ltr'>detur.</span> <span class='ocrx_word' id='word_1_35' title='bbox 379 509 478 546; x_wconf 92' lang='lat' dir='ltr'>Quod</span> <span class='ocrx_word' id='word_1_36' title='bbox 495 518 533 539; x_wconf 83' lang='lat' dir='ltr'>ex</span> <span class='ocrx_word' id='word_1_37' title='bbox 548 509 675 539; x_wconf 89' lang='lat' dir='ltr'>duobus</span> <span class='ocrx_word' id='word_1_38' title='bbox 690 516 830 549; x_wconf 85' lang='lat' dir='ltr'>apparet.</span> <span class='ocrx_word' id='word_1_39' title='bbox 854 509 973 545; x_wconf 84' lang='lat' dir='ltr'>Primo,</span> <span class='ocrx_word' id='word_1_40' title='bbox 988 518 1025 539; x_wconf 84' lang='lat' dir='ltr'>ex</span> <span class='ocrx_word' id='word_1_41' title='bbox 1040 509 1102 540; x_wconf 90' lang='lat' dir='ltr'>hoc</span> <span class='ocrx_word' id='word_1_42' title='bbox 1120 511 1208 550; x_wconf 92' lang='lat' dir='ltr'>quod</span> <span class='ocrx_word' id='word_1_43' title='bbox 1224 511 1317 542; x_wconf 90' lang='lat' dir='ltr'>multi</span> 
     </span>
     <span class='ocr_line' id='line_1_8' title="bbox 252 550 1317 593; baseline 0.004 -12"><span class='ocrx_word' id='word_1_44' title='bbox 252 550 436 582; x_wconf 86' lang='lat' dir='ltr'>definientes</span> <span class='ocrx_word' id='word_1_45' title='bbox 465 552 588 583; x_wconf 84' lang='lat' dir='ltr'>furtum</span> <span class='ocrx_word' id='word_1_46' title='bbox 618 559 787 593; x_wconf 88' lang='lat' dir='ltr'>apponunt</span> <span class='ocrx_word' id='word_1_47' title='bbox 815 559 864 583; x_wconf 91' lang='lat' dir='ltr'>tot</span> <span class='ocrx_word' id='word_1_48' title='bbox 892 552 1076 592; x_wconf 81' lang='lat' dir='ltr'>particulas,</span> <span class='ocrx_word' id='word_1_49' title='bbox 1102 554 1180 584; x_wconf 89' lang='lat' dir='ltr'>dum</span> <span class='ocrx_word' id='word_1_50' title='bbox 1207 554 1317 585; x_wconf 91' lang='lat' dir='ltr'>dicunt</span> 
     </span>
     <span class='ocr_line' id='line_1_9' title="bbox 252 595 1316 638; baseline 0.003 -13"><span class='ocrx_word' id='word_1_51' title='bbox 252 596 342 635; x_wconf 88' lang='lat' dir='ltr'>quod</span> <span class='ocrx_word' id='word_1_52' title='bbox 356 595 490 636; x_wconf 74' lang='lat' dir='ltr'>furmm</span> <span class='ocrx_word' id='word_1_53' title='bbox 514 602 562 627; x_wconf 86' lang='lat' dir='ltr'>est</span> <span class='ocrx_word' id='word_1_54' title='bbox 583 598 791 627; x_wconf 76' lang='lat' dir='ltr'><em>contrectatio</em></span> <span class='ocrx_word' id='word_1_55' title='bbox 814 597 863 626; x_wconf 87' lang='lat' dir='ltr'>rei</span> <span class='ocrx_word' id='word_1_56' title='bbox 884 596 1022 634; x_wconf 86' lang='lat' dir='ltr'>alienae,</span> <span class='ocrx_word' id='word_1_57' title='bbox 1046 597 1181 635; x_wconf 85' lang='lat' dir='ltr'>mobilis,</span> <span class='ocrx_word' id='word_1_58' title='bbox 1206 607 1316 638; x_wconf 83' lang='lat' dir='ltr'>corpo-</span> 
     </span>
     <span class='ocr_line' id='line_1_10' title="bbox 251 639 1316 681; baseline 0.004 -12"><span class='ocrx_word' id='word_1_59' title='bbox 251 639 344 676; x_wconf 85' lang='lat' dir='ltr'>ralis,</span> <span class='ocrx_word' id='word_1_60' title='bbox 369 640 468 670; x_wconf 74' lang='lat' dir='ltr'>invito</span> <span class='ocrx_word' id='word_1_61' title='bbox 489 639 628 675; x_wconf 80' lang='lat' dir='ltr'>domino,</span> <span class='ocrx_word' id='word_1_62' title='bbox 652 641 760 670; x_wconf 87' lang='lat' dir='ltr'>animo</span> <span class='ocrx_word' id='word_1_63' title='bbox 783 640 944 677; x_wconf 80' lang='lat' dir='ltr'>lucrandi,</span> <span class='ocrx_word' id='word_1_64' title='bbox 968 641 1035 671; x_wconf 83' lang='lat' dir='ltr'>sive</span> <span class='ocrx_word' id='word_1_65' title='bbox 1057 642 1156 681; x_wconf 82' lang='lat' dir='ltr'>ipsius</span> <span class='ocrx_word' id='word_1_66' title='bbox 1179 643 1227 672; x_wconf 84' lang='lat' dir='ltr'>rei</span> <span class='ocrx_word' id='word_1_67' title='bbox 1249 643 1316 673; x_wconf 73' lang='lat' dir='ltr'>sive</span> 
     </span>
     <span class='ocr_line' id='line_1_11' title="bbox 218 683 1315 724; baseline 0.004 -12"><span class='ocrx_word' id='word_1_68' title='bbox 218 707 224 717; x_wconf 91' lang='grc'>,</span> <span class='ocrx_word' id='word_1_69' title='bbox 251 691 330 713; x_wconf 84' lang='lat' dir='ltr'>usus</span> <span class='ocrx_word' id='word_1_70' title='bbox 351 683 419 713; x_wconf 78' lang='lat' dir='ltr'>sive</span> <span class='ocrx_word' id='word_1_71' title='bbox 433 684 647 722; x_wconf 77' lang='lat' dir='ltr'><em>possessionis</em></span> <span class='ocrx_word' id='word_1_72' title='bbox 660 683 686 719; x_wconf 85' lang='lat'>*,</span> <span class='ocrx_word' id='word_1_73' title='bbox 711 693 804 724; x_wconf 83' lang='lat' dir='ltr'>quae,</span> <span class='ocrx_word' id='word_1_74' title='bbox 827 690 863 714; x_wconf 91' lang='lat' dir='ltr'>ut</span> <span class='ocrx_word' id='word_1_75' title='bbox 884 690 979 723; x_wconf 86' lang='lat' dir='ltr'>patet,</span> <span class='ocrx_word' id='word_1_76' title='bbox 1003 684 1037 714; x_wconf 88' lang='lat' dir='ltr'>in</span> <span class='ocrx_word' id='word_1_77' title='bbox 1059 685 1179 716; x_wconf 86' lang='lat' dir='ltr'>litterae</span> <span class='ocrx_word' id='word_1_78' title='bbox 1193 685 1315 716; x_wconf 89' lang='lat' dir='ltr'>ratione</span> 
     </span>
    </p>
   </div>
   <div class='ocr_carea' id='block_1_7' title="bbox 167 724 1315 770">
    <p class='ocr_par' dir='ltr' id='par_1_7' title="bbox 167 724 1315 770">
     <span class='ocr_line' id='line_1_12' title="bbox 167 724 1315 770; baseline 0.003 -14"><span class='ocrx_word' id='word_1_79' title='bbox 167 732 186 770; x_wconf 55' lang='lat' dir='ltr'><em>f</em></span> <span class='ocrx_word' id='word_1_80' title='bbox 218 724 224 743; x_wconf 71' lang='lat'><em>⁵</em></span> <span class='ocrx_word' id='word_1_81' title='bbox 250 735 317 756; x_wconf 89' lang='lat' dir='ltr'>non</span> <span class='ocrx_word' id='word_1_82' title='bbox 339 732 516 766; x_wconf 87' lang='lat' dir='ltr'>ponuntur.</span> <span class='ocrx_word' id='word_1_83' title='bbox 538 743 561 749; x_wconf 93' lang='lat'><em>-</em></span> <span class='ocrx_word' id='word_1_84' title='bbox 583 726 743 763; x_wconf 89' lang='lat' dir='ltr'>Secundo,</span> <span class='ocrx_word' id='word_1_85' title='bbox 767 737 804 757; x_wconf 88' lang='lat' dir='ltr'>ex</span> <span class='ocrx_word' id='word_1_86' title='bbox 819 727 882 758; x_wconf 90' lang='lat' dir='ltr'>hoc</span> <span class='ocrx_word' id='word_1_87' title='bbox 905 728 995 768; x_wconf 91' lang='lat' dir='ltr'>quod</span> <span class='ocrx_word' id='word_1_88' title='bbox 1018 727 1188 759; x_wconf 88' lang='lat' dir='ltr'>iniustitiae</span> <span class='ocrx_word' id='word_1_89' title='bbox 1212 729 1315 759; x_wconf 89' lang='lat' dir='ltr'>defor-</span> 
     </span>
    </p>
   </div>
   <div class='ocr_carea' id='block_1_8' title="bbox 217 769 1315 1911">
    <p class='ocr_par' dir='ltr' id='par_1_8' title="bbox 217 769 1315 941">
     <span class='ocr_line' id='line_1_13' title="bbox 249 769 1314 812; baseline 0.004 -13"><span class='ocrx_word' id='word_1_90' title='bbox 249 769 343 800; x_wconf 85' lang='lat' dir='ltr'>mitas</span> <span class='ocrx_word' id='word_1_91' title='bbox 361 769 394 800; x_wconf 90' lang='lat' dir='ltr'>in</span> <span class='ocrx_word' id='word_1_92' title='bbox 410 770 469 800; x_wconf 86' lang='lat' dir='ltr'>hac</span> <span class='ocrx_word' id='word_1_93' title='bbox 483 769 668 808; x_wconf 87' lang='lat' dir='ltr'>definitione</span> <span class='ocrx_word' id='word_1_94' title='bbox 683 781 749 801; x_wconf 90' lang='lat' dir='ltr'>non</span> <span class='ocrx_word' id='word_1_95' title='bbox 766 771 952 811; x_wconf 86' lang='lat' dir='ltr'>exprimitur</span> <span class='ocrx_word' id='word_1_96' title='bbox 965 773 1158 812; x_wconf 82' lang='lat' dir='ltr'><em>acceptionis</em></span> <span class='ocrx_word' id='word_1_97' title='bbox 1173 773 1314 803; x_wconf 91' lang='lat' dir='ltr'>nomine.</span> 
     </span>
     <span class='ocr_line' id='line_1_14' title="bbox 217 811 1315 855; baseline 0.001 -10"><span class='ocrx_word' id='word_1_98' title='bbox 217 811 223 818; x_wconf 81' lang='grc'><strong>”</strong></span> <span class='ocrx_word' id='word_1_99' title='bbox 250 813 386 845; x_wconf 82' lang='lat' dir='ltr'>Constat</span> <span class='ocrx_word' id='word_1_100' title='bbox 414 813 501 844; x_wconf 88' lang='lat' dir='ltr'>enim</span> <span class='ocrx_word' id='word_1_101' title='bbox 530 815 620 854; x_wconf 92' lang='lat' dir='ltr'>quod</span> <span class='ocrx_word' id='word_1_102' title='bbox 648 815 790 855; x_wconf 88' lang='lat' dir='ltr'>acceptio</span> <span class='ocrx_word' id='word_1_103' title='bbox 819 822 926 855; x_wconf 89' lang='lat' dir='ltr'>potest</span> <span class='ocrx_word' id='word_1_104' title='bbox 952 825 1019 846; x_wconf 90' lang='lat' dir='ltr'>esse</span> <span class='ocrx_word' id='word_1_105' title='bbox 1041 816 1123 846; x_wconf 89' lang='lat' dir='ltr'>iusta</span> <span class='ocrx_word' id='word_1_106' title='bbox 1146 823 1176 847; x_wconf 91' lang='lat' dir='ltr'>et</span> <span class='ocrx_word' id='word_1_107' title='bbox 1198 816 1315 847; x_wconf 88' lang='lat' dir='ltr'>iniusta</span> 
     </span>
     <span class='ocr_line' id='line_1_15' title="bbox 249 858 1314 900; baseline 0.002 -12"><span class='ocrx_word' id='word_1_108' title='bbox 249 863 281 888; x_wconf 88' lang='lat' dir='ltr'>et</span> <span class='ocrx_word' id='word_1_109' title='bbox 302 863 430 888; x_wconf 86' lang='lat' dir='ltr'>neutra:</span> <span class='ocrx_word' id='word_1_110' title='bbox 455 864 487 888; x_wconf 89' lang='lat' dir='ltr'>et</span> <span class='ocrx_word' id='word_1_111' title='bbox 508 865 616 889; x_wconf 89' lang='lat' dir='ltr'>tamen</span> <span class='ocrx_word' id='word_1_112' title='bbox 634 858 668 888; x_wconf 92' lang='lat' dir='ltr'>in</span> <span class='ocrx_word' id='word_1_113' title='bbox 682 859 786 889; x_wconf 88' lang='lat' dir='ltr'>littera</span> <span class='ocrx_word' id='word_1_114' title='bbox 801 859 970 899; x_wconf 81' lang='lat' dir='ltr'>exponitur</span> <span class='ocrx_word' id='word_1_115' title='bbox 985 860 1127 900; x_wconf 87' lang='lat' dir='ltr'>acceptio</span> <span class='ocrx_word' id='word_1_116' title='bbox 1150 869 1208 900; x_wconf 92' lang='lat' dir='ltr'>pro</span> <span class='ocrx_word' id='word_1_117' title='bbox 1225 869 1314 890; x_wconf 88' lang='lat' dir='ltr'>usur-</span> 
     </span>
     <span class='ocr_line' id='line_1_16' title="bbox 248 900 392 941; baseline -0.007 -9"><span class='ocrx_word' id='word_1_118' title='bbox 248 900 392 941; x_wconf 73' lang='lat' dir='ltr'>patione.</span> 
     </span>
    </p>

    <p class='ocr_par' dir='ltr' id='par_1_9' title="bbox 240 944 1314 1911">
     <span class='ocr_line' id='line_1_17' title="bbox 303 944 1314 987; baseline 0.001 -12"><span class='ocrx_word' id='word_1_119' title='bbox 303 945 354 976; x_wconf 83' lang='lat' dir='ltr'>Ad</span> <span class='ocrx_word' id='word_1_120' title='bbox 377 944 457 981; x_wconf 88' lang='lat' dir='ltr'>hoc,</span> <span class='ocrx_word' id='word_1_121' title='bbox 481 946 666 985; x_wconf 85' lang='lat' dir='ltr'>retrogrado</span> <span class='ocrx_word' id='word_1_122' title='bbox 690 946 801 976; x_wconf 89' lang='lat' dir='ltr'>ordine</span> <span class='ocrx_word' id='word_1_123' title='bbox 823 947 1066 987; x_wconf 85' lang='lat' dir='ltr'>respondendo,</span> <span class='ocrx_word' id='word_1_124' title='bbox 1089 946 1203 977; x_wconf 88' lang='lat' dir='ltr'>dicitur</span> <span class='ocrx_word' id='word_1_125' title='bbox 1224 947 1314 987; x_wconf 93' lang='lat' dir='ltr'>quod</span> 
     </span>
     <span class='ocr_line' id='line_1_18' title="bbox 247 988 1313 1030; baseline 0 -11"><span class='ocrx_word' id='word_1_126' title='bbox 247 988 323 1029; x_wconf 87' lang='lat' dir='ltr'>quia</span> <span class='ocrx_word' id='word_1_127' title='bbox 345 989 517 1020; x_wconf 82' lang='lat' dir='ltr'>occultatio</span> <span class='ocrx_word' id='word_1_128' title='bbox 534 990 737 1029; x_wconf 83' lang='lat' dir='ltr'>acceptionis,</span> <span class='ocrx_word' id='word_1_129' title='bbox 761 990 866 1030; x_wconf 87' lang='lat' dir='ltr'>posita</span> <span class='ocrx_word' id='word_1_130' title='bbox 889 991 922 1020; x_wconf 91' lang='lat' dir='ltr'>in</span> <span class='ocrx_word' id='word_1_131' title='bbox 945 989 1130 1021; x_wconf 86' lang='lat' dir='ltr'>definitione</span> <span class='ocrx_word' id='word_1_132' title='bbox 1153 989 1238 1026; x_wconf 86' lang='lat' dir='ltr'>furti,</span> <span class='ocrx_word' id='word_1_133' title='bbox 1254 989 1313 1019; x_wconf 89' lang='lat' dir='ltr'>im-</span> 
     </span>
     <span class='ocr_line' id='line_1_19' title="bbox 246 1032 1314 1074; baseline 0.001 -11"><span class='ocrx_word' id='word_1_134' title='bbox 246 1039 352 1072; x_wconf 88' lang='lat' dir='ltr'>portat</span> <span class='ocrx_word' id='word_1_135' title='bbox 375 1033 452 1069; x_wconf 90' lang='lat' dir='ltr'>duo,</span> <span class='ocrx_word' id='word_1_136' title='bbox 475 1032 593 1064; x_wconf 86' lang='lat' dir='ltr'>scilicet</span> <span class='ocrx_word' id='word_1_137' title='bbox 614 1033 805 1064; x_wconf 88' lang='lat' dir='ltr'>iniustitiam</span> <span class='ocrx_word' id='word_1_138' title='bbox 827 1033 949 1064; x_wconf 87' lang='lat' dir='ltr'>ratione</span> <span class='ocrx_word' id='word_1_139' title='bbox 971 1033 1104 1074; x_wconf 81' lang='lat' dir='ltr'>generis,</span> <span class='ocrx_word' id='word_1_140' title='bbox 1129 1040 1159 1064; x_wconf 91' lang='lat' dir='ltr'>et</span> <span class='ocrx_word' id='word_1_141' title='bbox 1181 1033 1314 1074; x_wconf 84' lang='lat' dir='ltr'>qualita-</span> 
     </span>
     <span class='ocr_line' id='line_1_20' title="bbox 246 1077 1314 1113; baseline 0 -6"><span class='ocrx_word' id='word_1_142' title='bbox 246 1082 312 1108; x_wconf 85' lang='lat' dir='ltr'>tem</span> <span class='ocrx_word' id='word_1_143' title='bbox 331 1086 387 1107; x_wconf 88' lang='lat' dir='ltr'>seu</span> <span class='ocrx_word' id='word_1_144' title='bbox 403 1077 540 1108; x_wconf 89' lang='lat' dir='ltr'>modum</span> <span class='ocrx_word' id='word_1_145' title='bbox 555 1077 634 1113; x_wconf 87' lang='lat' dir='ltr'>eius,</span> <span class='ocrx_word' id='word_1_146' title='bbox 659 1077 777 1108; x_wconf 88' lang='lat' dir='ltr'>scilicet</span> <span class='ocrx_word' id='word_1_147' title='bbox 799 1077 982 1108; x_wconf 85' lang='lat' dir='ltr'>abscondite</span> <span class='ocrx_word' id='word_1_148' title='bbox 996 1087 1015 1107; x_wconf 90' lang='lat' dir='ltr'>a</span> <span class='ocrx_word' id='word_1_149' title='bbox 1030 1077 1175 1113; x_wconf 88' lang='lat' dir='ltr'>domino,</span> <span class='ocrx_word' id='word_1_150' title='bbox 1191 1078 1314 1108; x_wconf 88' lang='lat' dir='ltr'>ratione</span> 
     </span>
     <span class='ocr_line' id='line_1_21' title="bbox 245 1119 1311 1161; baseline 0.001 -10"><span class='ocrx_word' id='word_1_151' title='bbox 245 1119 389 1151; x_wconf 83' lang='lat' dir='ltr'>formalis</span> <span class='ocrx_word' id='word_1_152' title='bbox 410 1120 592 1161; x_wconf 85' lang='lat' dir='ltr'>significati;</span> <span class='ocrx_word' id='word_1_153' title='bbox 615 1121 690 1151; x_wconf 90' lang='lat' dir='ltr'>ideo</span> <span class='ocrx_word' id='word_1_154' title='bbox 713 1121 793 1151; x_wconf 87' lang='lat' dir='ltr'>nihil</span> <span class='ocrx_word' id='word_1_155' title='bbox 813 1120 847 1150; x_wconf 89' lang='lat' dir='ltr'>in</span> <span class='ocrx_word' id='word_1_156' title='bbox 870 1120 1055 1152; x_wconf 89' lang='lat' dir='ltr'>definitione</span> <span class='ocrx_word' id='word_1_157' title='bbox 1078 1121 1235 1152; x_wconf 88' lang='lat' dir='ltr'>omissum</span> <span class='ocrx_word' id='word_1_158' title='bbox 1255 1129 1311 1152; x_wconf 90' lang='lat' dir='ltr'>est.</span> 
     </span>
     <span class='ocr_line' id='line_1_22' title="bbox 245 1164 1312 1205; baseline 0 -9"><span class='ocrx_word' id='word_1_159' title='bbox 245 1164 288 1196; x_wconf 88' lang='lat' dir='ltr'>Et</span> <span class='ocrx_word' id='word_1_160' title='bbox 301 1167 425 1196; x_wconf 85' lang='lat' dir='ltr'>Auctor</span> <span class='ocrx_word' id='word_1_161' title='bbox 441 1164 475 1195; x_wconf 92' lang='lat' dir='ltr'>in</span> <span class='ocrx_word' id='word_1_162' title='bbox 497 1165 600 1196; x_wconf 86' lang='lat' dir='ltr'>littera</span> <span class='ocrx_word' id='word_1_163' title='bbox 614 1164 835 1204; x_wconf 79' lang='lat' dir='ltr'>acceptionem</span> <span class='ocrx_word' id='word_1_164' title='bbox 856 1174 916 1204; x_wconf 91' lang='lat' dir='ltr'>pro</span> <span class='ocrx_word' id='word_1_165' title='bbox 930 1165 1048 1195; x_wconf 85' lang='lat' dir='ltr'>iniusta</span> <span class='ocrx_word' id='word_1_166' title='bbox 1063 1165 1247 1205; x_wconf 80' lang='lat' dir='ltr'>acceptione</span> <span class='ocrx_word' id='word_1_167' title='bbox 1262 1175 1312 1196; x_wconf 84' lang='lat' dir='ltr'>ex-</span> 
     </span>
     <span class='ocr_line' id='line_1_23' title="bbox 245 1208 1312 1249; baseline 0.001 -10"><span class='ocrx_word' id='word_1_168' title='bbox 245 1209 348 1248; x_wconf 89' lang='lat' dir='ltr'>ponit.</span> <span class='ocrx_word' id='word_1_169' title='bbox 372 1209 460 1239; x_wconf 92' lang='lat' dir='ltr'>Tum</span> <span class='ocrx_word' id='word_1_170' title='bbox 483 1209 559 1249; x_wconf 87' lang='lat' dir='ltr'>quia</span> <span class='ocrx_word' id='word_1_171' title='bbox 578 1215 666 1239; x_wconf 90' lang='lat' dir='ltr'>totus</span> <span class='ocrx_word' id='word_1_172' title='bbox 680 1208 739 1239; x_wconf 92' lang='lat' dir='ltr'>iste</span> <span class='ocrx_word' id='word_1_173' title='bbox 755 1218 860 1239; x_wconf 89' lang='lat' dir='ltr'>sermo</span> <span class='ocrx_word' id='word_1_174' title='bbox 884 1215 930 1239; x_wconf 88' lang='lat' dir='ltr'>est</span> <span class='ocrx_word' id='word_1_175' title='bbox 953 1209 992 1239; x_wconf 91' lang='lat' dir='ltr'>de</span> <span class='ocrx_word' id='word_1_176' title='bbox 1007 1209 1312 1240; x_wconf 86' lang='lat' dir='ltr'>commutationibus</span> 
     </span>
     <span class='ocr_line' id='line_1_24' title="bbox 243 1251 1311 1292; baseline 0.001 -9"><span class='ocrx_word' id='word_1_177' title='bbox 243 1251 467 1284; x_wconf 54' lang='lat' dir='ltr'>involuntariis</span> <span class='ocrx_word' id='word_1_178' title='bbox 490 1258 521 1282; x_wconf 90' lang='lat' dir='ltr'>et</span> <span class='ocrx_word' id='word_1_179' title='bbox 541 1252 666 1283; x_wconf 86' lang='lat' dir='ltr'>iniuriis</span> <span class='ocrx_word' id='word_1_180' title='bbox 688 1252 806 1292; x_wconf 88' lang='lat' dir='ltr'>quibus</span> <span class='ocrx_word' id='word_1_181' title='bbox 827 1251 961 1284; x_wconf 86' lang='lat' dir='ltr'>infertur</span> <span class='ocrx_word' id='word_1_182' title='bbox 984 1253 1140 1284; x_wconf 86' lang='lat' dir='ltr'>damnum</span> <span class='ocrx_word' id='word_1_183' title='bbox 1158 1253 1191 1283; x_wconf 90' lang='lat' dir='ltr'>in</span> <span class='ocrx_word' id='word_1_184' title='bbox 1207 1254 1311 1290; x_wconf 87' lang='lat' dir='ltr'>rebus,</span> 
     </span>
     <span class='ocr_line' id='line_1_25' title="bbox 245 1296 1311 1338; baseline 0.002 -12"><span class='ocrx_word' id='word_1_185' title='bbox 245 1301 282 1327; x_wconf 74' lang='lat' dir='ltr'>at</span> <span class='ocrx_word' id='word_1_186' title='bbox 301 1302 390 1337; x_wconf 73' lang='lat' dir='ltr'>patet</span> <span class='ocrx_word' id='word_1_187' title='bbox 408 1305 446 1326; x_wconf 84' lang='lat' dir='ltr'>ex</span> <span class='ocrx_word' id='word_1_188' title='bbox 463 1296 563 1327; x_wconf 88' lang='lat' dir='ltr'>titulis</span> <span class='ocrx_word' id='word_1_189' title='bbox 581 1296 809 1337; x_wconf 86' lang='lat' dir='ltr'>quaestionum</span> <span class='ocrx_word' id='word_1_190' title='bbox 828 1303 859 1327; x_wconf 91' lang='lat' dir='ltr'>et</span> <span class='ocrx_word' id='word_1_191' title='bbox 876 1303 1082 1328; x_wconf 84' lang='lat' dir='ltr'>tractatuum:</span> <span class='ocrx_word' id='word_1_192' title='bbox 1106 1307 1142 1328; x_wconf 85' lang='lat' dir='ltr'>ac</span> <span class='ocrx_word' id='word_1_193' title='bbox 1165 1308 1221 1338; x_wconf 90' lang='lat' dir='ltr'>per</span> <span class='ocrx_word' id='word_1_194' title='bbox 1239 1298 1311 1334; x_wconf 90' lang='lat' dir='ltr'>hoc,</span> 
     </span>
     <span class='ocr_line' id='line_1_26' title="bbox 243 1338 1312 1383; baseline 0.001 -12"><span class='ocrx_word' id='word_1_195' title='bbox 243 1338 318 1371; x_wconf 58' lang='grc' dir='ltr'>πεί</span> <span class='ocrx_word' id='word_1_196' title='bbox 330 1340 378 1370; x_wconf 79' lang='lat' dir='ltr'>&#39;de</span> <span class='ocrx_word' id='word_1_197' title='bbox 387 1338 812 1383; x_wconf 56' lang='lat' dir='ltr'>affluens-communiter,</span> <span class='ocrx_word' id='word_1_198' title='bbox 828 1341 884 1371; x_wconf 89' lang='lat' dir='ltr'>sed</span> <span class='ocrx_word' id='word_1_199' title='bbox 907 1341 946 1371; x_wconf 91' lang='lat' dir='ltr'>de</span> <span class='ocrx_word' id='word_1_200' title='bbox 961 1341 1144 1382; x_wconf 84' lang='lat' dir='ltr'>acceptione</span> <span class='ocrx_word' id='word_1_201' title='bbox 1167 1352 1250 1382; x_wconf 89' lang='lat' dir='ltr'>quae</span> <span class='ocrx_word' id='word_1_202' title='bbox 1265 1348 1312 1372; x_wconf 88' lang='lat' dir='ltr'>est</span> 
     </span>
     <span class='ocr_line' id='line_1_27' title="bbox 243 1380 1311 1426; baseline 0.002 -12"><span class='ocrx_word' id='word_1_203' title='bbox 243 1380 530 1424; x_wconf 64' lang='lat' dir='ltr'>quaeres‘iniuriae,</span> <span class='ocrx_word' id='word_1_204' title='bbox 554 1391 602 1415; x_wconf 87' lang='lat' dir='ltr'>est</span> <span class='ocrx_word' id='word_1_205' title='bbox 623 1394 741 1416; x_wconf 75' lang='lat' dir='ltr'>sermo,</span> <span class='ocrx_word' id='word_1_206' title='bbox 763 1385 852 1415; x_wconf 87' lang='lat' dir='ltr'>Tum</span> <span class='ocrx_word' id='word_1_207' title='bbox 875 1385 952 1425; x_wconf 87' lang='lat' dir='ltr'>quia</span> <span class='ocrx_word' id='word_1_208' title='bbox 974 1386 1013 1416; x_wconf 93' lang='lat' dir='ltr'>de</span> <span class='ocrx_word' id='word_1_209' title='bbox 1028 1386 1150 1416; x_wconf 86' lang='lat' dir='ltr'>ratione</span> <span class='ocrx_word' id='word_1_210' title='bbox 1169 1387 1311 1426; x_wconf 83' lang='lat' dir='ltr'>occultae</span> 
     </span>
     <span class='ocr_line' id='line_1_28' title="bbox 243 1427 1311 1470; baseline 0.002 -12"><span class='ocrx_word' id='word_1_211' title='bbox 243 1427 439 1468; x_wconf 68' lang='lat' dir='ltr'>acceptionis</span> <span class='ocrx_word' id='word_1_212' title='bbox 461 1434 508 1459; x_wconf 84' lang='lat' dir='ltr'>est</span> <span class='ocrx_word' id='word_1_213' title='bbox 530 1438 597 1459; x_wconf 93' lang='lat' dir='ltr'>non</span> <span class='ocrx_word' id='word_1_214' title='bbox 615 1429 724 1459; x_wconf 90' lang='lat' dir='ltr'>solum</span> <span class='ocrx_word' id='word_1_215' title='bbox 747 1428 815 1459; x_wconf 88' lang='lat' dir='ltr'>eius</span> <span class='ocrx_word' id='word_1_216' title='bbox 839 1429 982 1465; x_wconf 84' lang='lat' dir='ltr'>formale,</span> <span class='ocrx_word' id='word_1_217' title='bbox 1006 1437 1084 1469; x_wconf 90' lang='lat' dir='ltr'>puta</span> <span class='ocrx_word' id='word_1_218' title='bbox 1107 1430 1196 1470; x_wconf 91' lang='lat' dir='ltr'>quod</span> <span class='ocrx_word' id='word_1_219' title='bbox 1212 1440 1250 1460; x_wconf 88' lang='lat' dir='ltr'>ex</span> <span class='ocrx_word' id='word_1_220' title='bbox 1264 1430 1311 1460; x_wconf 92' lang='lat' dir='ltr'>in-</span> 
     </span>
     <span class='ocr_line' id='line_1_29' title="bbox 242 1471 1311 1514; baseline 0 -10"><span class='ocrx_word' id='word_1_221' title='bbox 242 1471 385 1505; x_wconf 62' lang='lat' dir='ltr'>maone</span> <span class='ocrx_word' id='word_1_222' title='bbox 400 1471 456 1503; x_wconf 88' lang='lat' dir='ltr'>fiat</span> <span class='ocrx_word' id='word_1_223' title='bbox 468 1472 604 1508; x_wconf 81' lang='lat' dir='ltr'>latendi3</span> <span class='ocrx_word' id='word_1_224' title='bbox 623 1473 680 1502; x_wconf 86' lang='lat' dir='ltr'>sed</span> <span class='ocrx_word' id='word_1_225' title='bbox 695 1472 791 1504; x_wconf 89' lang='lat' dir='ltr'>etiam</span> <span class='ocrx_word' id='word_1_226' title='bbox 806 1473 875 1503; x_wconf 91' lang='lat' dir='ltr'>eius</span> <span class='ocrx_word' id='word_1_227' title='bbox 890 1473 1074 1510; x_wconf 85' lang='lat' dir='ltr'>commune,</span> <span class='ocrx_word' id='word_1_228' title='bbox 1090 1473 1208 1504; x_wconf 92' lang='lat' dir='ltr'>scilicet</span> <span class='ocrx_word' id='word_1_229' title='bbox 1221 1474 1311 1514; x_wconf 90' lang='lat' dir='ltr'>quod</span> 
     </span>
     <span class='ocr_line' id='line_1_30' title="bbox 241 1510 1311 1558; baseline 0.001 -11"><span class='ocrx_word' id='word_1_230' title='bbox 241 1510 298 1547; x_wconf 65' lang='lat' dir='ltr'>fit</span> <span class='ocrx_word' id='word_1_231' title='bbox 312 1522 422 1547; x_wconf 65' lang='lat' dir='ltr'>contu</span> <span class='ocrx_word' id='word_1_232' title='bbox 433 1517 632 1548; x_wconf 88' lang='lat' dir='ltr'>voluntatem</span> <span class='ocrx_word' id='word_1_233' title='bbox 647 1516 784 1547; x_wconf 88' lang='lat' dir='ltr'>domini:</span> <span class='ocrx_word' id='word_1_234' title='bbox 802 1517 875 1547; x_wconf 89' lang='lat' dir='ltr'>ideo</span> <span class='ocrx_word' id='word_1_235' title='bbox 888 1517 974 1547; x_wconf 91' lang='lat' dir='ltr'>enim</span> <span class='ocrx_word' id='word_1_236' title='bbox 985 1517 1202 1557; x_wconf 86' lang='lat' dir='ltr'>subterfugere</span> <span class='ocrx_word' id='word_1_237' title='bbox 1217 1527 1311 1558; x_wconf 90' lang='lat' dir='ltr'>quae-</span> 
     </span>
     <span class='ocr_line' id='line_1_31' title="bbox 242 1557 1311 1601; baseline 0 -10"><span class='ocrx_word' id='word_1_238' title='bbox 242 1557 290 1591; x_wconf 50' lang='lat' dir='ltr'>rit&lt;</span> <span class='ocrx_word' id='word_1_239' title='bbox 303 1559 429 1591; x_wconf 70' lang='lat' dir='ltr'>&#39;domini</span> <span class='ocrx_word' id='word_1_240' title='bbox 451 1560 630 1597; x_wconf 83' lang='lat' dir='ltr'>scientiam,</span> <span class='ocrx_word' id='word_1_241' title='bbox 653 1561 731 1601; x_wconf 85' lang='lat' dir='ltr'>quia</span> <span class='ocrx_word' id='word_1_242' title='bbox 751 1560 822 1591; x_wconf 87' lang='lat' dir='ltr'>vult</span> <span class='ocrx_word' id='word_1_243' title='bbox 844 1570 934 1600; x_wconf 87' lang='lat' dir='ltr'>agere</span> <span class='ocrx_word' id='word_1_244' title='bbox 957 1567 1067 1592; x_wconf 87' lang='lat' dir='ltr'>contra</span> <span class='ocrx_word' id='word_1_245' title='bbox 1089 1561 1174 1592; x_wconf 88' lang='lat' dir='ltr'>illius</span> <span class='ocrx_word' id='word_1_246' title='bbox 1197 1561 1311 1591; x_wconf 88' lang='lat' dir='ltr'>volun-</span> 
     </span>
     <span class='ocr_line' id='line_1_32' title="bbox 241 1603 1310 1645; baseline -0.001 -9"><span class='ocrx_word' id='word_1_247' title='bbox 241 1609 351 1636; x_wconf 60' lang='lat' dir='ltr'>mom.</span> <span class='ocrx_word' id='word_1_248' title='bbox 373 1603 500 1644; x_wconf 77' lang='lat' dir='ltr'>Accipit</span> <span class='ocrx_word' id='word_1_249' title='bbox 521 1604 618 1645; x_wconf 83' lang='lat' dir='ltr'>igitur</span> <span class='ocrx_word' id='word_1_250' title='bbox 641 1606 763 1635; x_wconf 82' lang='lat' dir='ltr'>Auctor</span> <span class='ocrx_word' id='word_1_251' title='bbox 784 1605 867 1642; x_wconf 79' lang='lat' dir='ltr'>hanc</span> <span class='ocrx_word' id='word_1_252' title='bbox 885 1604 1057 1636; x_wconf 90' lang='lat' dir='ltr'>iniustitiae</span> <span class='ocrx_word' id='word_1_253' title='bbox 1080 1606 1310 1636; x_wconf 77' lang='lat' dir='ltr'>redundantem</span> 
     </span>
     <span class='ocr_line' id='line_1_33' title="bbox 243 1647 1310 1690; baseline 0.001 -11"><span class='ocrx_word' id='word_1_254' title='bbox 243 1647 462 1680; x_wconf 68' lang='lat' dir='ltr'>conditionem</span> <span class='ocrx_word' id='word_1_255' title='bbox 482 1648 518 1678; x_wconf 91' lang='lat' dir='ltr'>in</span> <span class='ocrx_word' id='word_1_256' title='bbox 537 1648 758 1688; x_wconf 83' lang='lat' dir='ltr'>acceptionem</span> <span class='ocrx_word' id='word_1_257' title='bbox 772 1658 810 1679; x_wconf 89' lang='lat' dir='ltr'>ex</span> <span class='ocrx_word' id='word_1_258' title='bbox 825 1648 981 1689; x_wconf 90' lang='lat' dir='ltr'>implicito</span> <span class='ocrx_word' id='word_1_259' title='bbox 1004 1649 1037 1679; x_wconf 89' lang='lat' dir='ltr'>in</span> <span class='ocrx_word' id='word_1_260' title='bbox 1059 1649 1093 1690; x_wconf 91' lang='lat' dir='ltr'>ly</span> <span class='ocrx_word' id='word_1_261' title='bbox 1115 1650 1252 1687; x_wconf 85' lang='lat' dir='ltr'>occulta,</span> <span class='ocrx_word' id='word_1_262' title='bbox 1276 1649 1310 1679; x_wconf 91' lang='lat' dir='ltr'>in</span> 
     </span>
     <span class='ocr_line' id='line_1_34' title="bbox 241 1690 1309 1734; baseline 0.001 -11"><span class='ocrx_word' id='word_1_263' title='bbox 241 1690 346 1733; x_wconf 71' lang='lat' dir='ltr'>prima</span> <span class='ocrx_word' id='word_1_264' title='bbox 361 1692 549 1733; x_wconf 80' lang='lat' dir='ltr'>conditione</span> <span class='ocrx_word' id='word_1_265' title='bbox 570 1692 677 1732; x_wconf 85' lang='lat' dir='ltr'>posita</span> <span class='ocrx_word' id='word_1_266' title='bbox 698 1693 732 1723; x_wconf 91' lang='lat' dir='ltr'>in</span> <span class='ocrx_word' id='word_1_267' title='bbox 754 1692 874 1724; x_wconf 88' lang='lat' dir='ltr'>littera:</span> <span class='ocrx_word' id='word_1_268' title='bbox 899 1699 930 1723; x_wconf 89' lang='lat' dir='ltr'>et</span> <span class='ocrx_word' id='word_1_269' title='bbox 953 1702 1030 1724; x_wconf 89' lang='lat' dir='ltr'>usus</span> <span class='ocrx_word' id='word_1_270' title='bbox 1047 1699 1093 1724; x_wconf 89' lang='lat' dir='ltr'>est</span> <span class='ocrx_word' id='word_1_271' title='bbox 1116 1701 1190 1734; x_wconf 89' lang='lat' dir='ltr'>post</span> <span class='ocrx_word' id='word_1_272' title='bbox 1211 1693 1244 1734; x_wconf 91' lang='lat' dir='ltr'>ly</span> <span class='ocrx_word' id='word_1_273' title='bbox 1259 1702 1309 1724; x_wconf 87' lang='lat' dir='ltr'>oc-</span> 
     </span>
     <span class='ocr_line' id='line_1_35' title="bbox 241 1735 1309 1778; baseline 0 -10"><span class='ocrx_word' id='word_1_274' title='bbox 241 1735 330 1768; x_wconf 72' lang='lat' dir='ltr'>culta</span> <span class='ocrx_word' id='word_1_275' title='bbox 360 1736 469 1777; x_wconf 80' lang='lat' dir='ltr'>quoad</span> <span class='ocrx_word' id='word_1_276' title='bbox 497 1736 693 1777; x_wconf 86' lang='lat' dir='ltr'>explicitum.</span> <span class='ocrx_word' id='word_1_277' title='bbox 724 1736 766 1767; x_wconf 92' lang='lat' dir='ltr'>Et</span> <span class='ocrx_word' id='word_1_278' title='bbox 792 1737 833 1766; x_wconf 88' lang='lat' dir='ltr'>ad</span> <span class='ocrx_word' id='word_1_279' title='bbox 863 1743 1037 1778; x_wconf 87' lang='lat' dir='ltr'>utrumque</span> <span class='ocrx_word' id='word_1_280' title='bbox 1061 1737 1309 1774; x_wconf 86' lang='lat' dir='ltr'>insinuandum,</span> 
     </span>
     <span class='ocr_line' id='line_1_36' title="bbox 242 1778 1311 1822; baseline 0.001 -11"><span class='ocrx_word' id='word_1_281' title='bbox 242 1779 465 1812; x_wconf 70' lang='lat' dir='ltr'>concludendo</span> <span class='ocrx_word' id='word_1_282' title='bbox 489 1778 725 1816; x_wconf 80' lang='lat' dir='ltr'>definitionem,</span> <span class='ocrx_word' id='word_1_283' title='bbox 749 1780 877 1811; x_wconf 86' lang='lat' dir='ltr'>ordinat</span> <span class='ocrx_word' id='word_1_284' title='bbox 904 1781 948 1811; x_wconf 88' lang='lat' dir='ltr'>sic</span> <span class='ocrx_word' id='word_1_285' title='bbox 971 1791 1042 1811; x_wconf 91' lang='lat' dir='ltr'>eam</span> <span class='ocrx_word' id='word_1_286' title='bbox 1070 1787 1106 1812; x_wconf 91' lang='lat' dir='ltr'>ut</span> <span class='ocrx_word' id='word_1_287' title='bbox 1135 1787 1311 1822; x_wconf 80' lang='lat' dir='ltr'>praeponat</span> 
     </span>
     <span class='ocr_line' id='line_1_37' title="bbox 240 1822 1310 1866; baseline 0.001 -11"><span class='ocrx_word' id='word_1_288' title='bbox 240 1823 279 1865; x_wconf 58' lang='lat'>15³</span> <span class='ocrx_word' id='word_1_289' title='bbox 287 1822 429 1862; x_wconf 71' lang='lat' dir='ltr'>occulta,</span> <span class='ocrx_word' id='word_1_290' title='bbox 454 1823 563 1855; x_wconf 84' lang='lat' dir='ltr'>dicens</span> <span class='ocrx_word' id='word_1_291' title='bbox 584 1825 675 1866; x_wconf 88' lang='lat' dir='ltr'>quod</span> <span class='ocrx_word' id='word_1_292' title='bbox 690 1826 829 1865; x_wconf 80' lang='lat' dir='ltr'>propria</span> <span class='ocrx_word' id='word_1_293' title='bbox 854 1826 938 1855; x_wconf 88' lang='lat' dir='ltr'>ratio</span> <span class='ocrx_word' id='word_1_294' title='bbox 951 1825 1045 1866; x_wconf 82' lang='lat' dir='ltr'>furti</span> <span class='ocrx_word' id='word_1_295' title='bbox 1068 1830 1116 1856; x_wconf 85' lang='lat' dir='ltr'>est</span> <span class='ocrx_word' id='word_1_296' title='bbox 1138 1831 1175 1856; x_wconf 81' lang='lat' dir='ltr'>ut</span> <span class='ocrx_word' id='word_1_297' title='bbox 1195 1827 1237 1856; x_wconf 86' lang='lat' dir='ltr'>sit</span> <span class='ocrx_word' id='word_1_298' title='bbox 1259 1835 1310 1856; x_wconf 87' lang='lat' dir='ltr'>oc-</span> 
     </span>
     <span class='ocr_line' id='line_1_38' title="bbox 241 1868 1310 1911; baseline 0 -11"><span class='ocrx_word' id='word_1_299' title='bbox 241 1868 331 1900; x_wconf 67' lang='lat' dir='ltr'>caua</span> <span class='ocrx_word' id='word_1_300' title='bbox 350 1869 493 1909; x_wconf 76' lang='lat' dir='ltr'>acceptio</span> <span class='ocrx_word' id='word_1_301' title='bbox 516 1870 566 1899; x_wconf 84' lang='lat' dir='ltr'>rei</span> <span class='ocrx_word' id='word_1_302' title='bbox 587 1869 724 1900; x_wconf 86' lang='lat' dir='ltr'>alienae.</span> <span class='ocrx_word' id='word_1_303' title='bbox 749 1868 800 1899; x_wconf 89' lang='lat' dir='ltr'>Sic</span> <span class='ocrx_word' id='word_1_304' title='bbox 819 1869 915 1905; x_wconf 90' lang='lat' dir='ltr'>enim,</span> <span class='ocrx_word' id='word_1_305' title='bbox 933 1869 1028 1900; x_wconf 84' lang='lat' dir='ltr'>etiarn</span> <span class='ocrx_word' id='word_1_306' title='bbox 1043 1869 1134 1900; x_wconf 89' lang='lat' dir='ltr'>nullo</span> <span class='ocrx_word' id='word_1_307' title='bbox 1158 1879 1310 1911; x_wconf 88' lang='lat' dir='ltr'>praesup-</span> 
     </span>
    </p>
   </div>
   <div class='ocr_carea' id='block_1_9' title="bbox 142 1908 1310 2003">
    <p class='ocr_par' dir='ltr' id='par_1_10' title="bbox 142 1908 1310 2003">
     <span class='ocr_line' id='line_1_39' title="bbox 144 1908 1310 1953; baseline 0.002 -11"><span class='ocrx_word' id='word_1_308' title='bbox 144 1908 219 1951; x_wconf 33' lang='lat'>&#39;3³35&#39;</span> <span class='ocrx_word' id='word_1_309' title='bbox 239 1911 349 1952; x_wconf 70' lang='lat' dir='ltr'>posito</span> <span class='ocrx_word' id='word_1_310' title='bbox 371 1912 466 1943; x_wconf 88' lang='lat' dir='ltr'>titulo</span> <span class='ocrx_word' id='word_1_311' title='bbox 490 1913 728 1953; x_wconf 85' lang='lat' dir='ltr'>quaestionum,</span> <span class='ocrx_word' id='word_1_312' title='bbox 752 1923 789 1943; x_wconf 84' lang='lat' dir='ltr'>ex</span> <span class='ocrx_word' id='word_1_313' title='bbox 803 1912 835 1943; x_wconf 88' lang='lat' dir='ltr'>vi</span> <span class='ocrx_word' id='word_1_314' title='bbox 856 1913 1068 1944; x_wconf 89' lang='lat' dir='ltr'>terminorum</span> <span class='ocrx_word' id='word_1_315' title='bbox 1089 1920 1310 1944; x_wconf 88' lang='lat' dir='ltr'>consummata</span> 
     </span>
     <span class='ocr_line' id='line_1_40' title="bbox 142 1954 1309 2003; baseline 0.002 -17"><span class='ocrx_word' id='word_1_316' title='bbox 142 1967 145 1974; x_wconf 91' lang='lat'>·</span> <span class='ocrx_word' id='word_1_317' title='bbox 176 1967 219 2003; x_wconf 71' lang='lat'>&#39;.&#39;&#39;-</span> <span class='ocrx_word' id='word_1_318' title='bbox 240 1954 389 1987; x_wconf 35' lang='lat' dir='ltr'>habetur*</span> <span class='ocrx_word' id='word_1_319' title='bbox 404 1956 548 1988; x_wconf 83' lang='lat' dir='ltr'>definitio</span> <span class='ocrx_word' id='word_1_320' title='bbox 577 1956 654 1988; x_wconf 82' lang='lat' dir='ltr'>furti</span> <span class='ocrx_word' id='word_1_321' title='bbox 677 1957 880 1997; x_wconf 88' lang='lat' dir='ltr'>simpliciter,</span> <span class='ocrx_word' id='word_1_322' title='bbox 905 1964 935 1987; x_wconf 91' lang='lat' dir='ltr'>et</span> <span class='ocrx_word' id='word_1_323' title='bbox 957 1967 1024 1988; x_wconf 88' lang='lat' dir='ltr'>non</span> <span class='ocrx_word' id='word_1_324' title='bbox 1048 1958 1156 1988; x_wconf 88' lang='lat' dir='ltr'>solum</span> <span class='ocrx_word' id='word_1_325' title='bbox 1179 1964 1215 1988; x_wconf 90' lang='lat' dir='ltr'>ut</span> <span class='ocrx_word' id='word_1_326' title='bbox 1237 1968 1309 1998; x_wconf 86' lang='lat' dir='ltr'>pars</span> 
     </span>
    </p>
   </div>
   <div class='ocr_carea' id='block_1_10' title="bbox 238 1999 1314 3140">
    <p class='ocr_par' dir='ltr' id='par_1_11' title="bbox 239 1999 932 2033">
     <span class='ocr_line' id='line_1_41' title="bbox 239 1999 932 2033; baseline 0 -2"><span class='ocrx_word' id='word_1_327' title='bbox 239 1999 333 2033; x_wconf 58' lang='lat' dir='ltr'>huus</span> <span class='ocrx_word' id='word_1_328' title='bbox 354 2006 523 2032; x_wconf 83' lang='lat' dir='ltr'>tractatus:</span> <span class='ocrx_word' id='word_1_329' title='bbox 549 2007 586 2032; x_wconf 91' lang='lat' dir='ltr'>ut</span> <span class='ocrx_word' id='word_1_330' title='bbox 607 2001 698 2032; x_wconf 89' lang='lat' dir='ltr'>decet</span> <span class='ocrx_word' id='word_1_331' title='bbox 720 2000 932 2032; x_wconf 86' lang='lat' dir='ltr'>definitiones.</span> 
     </span>
    </p>

    <p class='ocr_par' dir='ltr' id='par_1_12' title="bbox 238 2043 1314 3140">
     <span class='ocr_line' id='line_1_42' title="bbox 268 2043 1311 2085; baseline 0.002 -11"><span class='ocrx_word' id='word_1_332' title='bbox 268 2056 278 2070; x_wconf 69' lang='lat'>.-</span> <span class='ocrx_word' id='word_1_333' title='bbox 295 2044 349 2075; x_wconf 66' lang='lat' dir='ltr'>Ad</span> <span class='ocrx_word' id='word_1_334' title='bbox 371 2043 405 2074; x_wconf 88' lang='lat' dir='ltr'>id</span> <span class='ocrx_word' id='word_1_335' title='bbox 427 2051 536 2075; x_wconf 86' lang='lat' dir='ltr'>autem</span> <span class='ocrx_word' id='word_1_336' title='bbox 558 2045 650 2085; x_wconf 91' lang='lat' dir='ltr'>quod</span> <span class='ocrx_word' id='word_1_337' title='bbox 673 2054 710 2075; x_wconf 87' lang='lat' dir='ltr'>ex</span> <span class='ocrx_word' id='word_1_338' title='bbox 726 2045 793 2075; x_wconf 90' lang='lat' dir='ltr'>aliis</span> <span class='ocrx_word' id='word_1_339' title='bbox 817 2045 1003 2076; x_wconf 88' lang='lat' dir='ltr'>doctoribus</span> <span class='ocrx_word' id='word_1_340' title='bbox 1022 2045 1179 2081; x_wconf 89' lang='lat' dir='ltr'>obiicitur,</span> <span class='ocrx_word' id='word_1_341' title='bbox 1197 2045 1311 2076; x_wconf 89' lang='lat' dir='ltr'>dicitur</span> 
     </span>
     <span class='ocr_line' id='line_1_43' title="bbox 240 2086 1309 2129; baseline 0.002 -11"><span class='ocrx_word' id='word_1_342' title='bbox 240 2087 332 2129; x_wconf 74' lang='lat' dir='ltr'>quod</span> <span class='ocrx_word' id='word_1_343' title='bbox 354 2097 424 2118; x_wconf 86' lang='lat' dir='ltr'>non</span> <span class='ocrx_word' id='word_1_344' title='bbox 443 2088 683 2129; x_wconf 86' lang='lat' dir='ltr'>philosophice,</span> <span class='ocrx_word' id='word_1_345' title='bbox 708 2089 763 2120; x_wconf 89' lang='lat' dir='ltr'>sed</span> <span class='ocrx_word' id='word_1_346' title='bbox 787 2098 877 2119; x_wconf 90' lang='lat' dir='ltr'>more</span> <span class='ocrx_word' id='word_1_347' title='bbox 899 2089 1084 2129; x_wconf 85' lang='lat' dir='ltr'>legistamm</span> <span class='ocrx_word' id='word_1_348' title='bbox 1112 2086 1309 2129; x_wconf 60' lang='lat' dir='ltr'>loquuntur,</span> 
     </span>
     <span class='ocr_line' id='line_1_44' title="bbox 240 2132 1309 2174; baseline 0 -11"><span class='ocrx_word' id='word_1_349' title='bbox 240 2132 476 2172; x_wconf 72' lang='lat' dir='ltr'>neu·›speciem</span> <span class='ocrx_word' id='word_1_350' title='bbox 502 2132 578 2163; x_wconf 87' lang='lat' dir='ltr'>furti</span> <span class='ocrx_word' id='word_1_351' title='bbox 606 2132 810 2169; x_wconf 87' lang='lat' dir='ltr'>definientes,</span> <span class='ocrx_word' id='word_1_352' title='bbox 834 2133 890 2163; x_wconf 90' lang='lat' dir='ltr'>sed</span> <span class='ocrx_word' id='word_1_353' title='bbox 913 2133 991 2174; x_wconf 92' lang='lat' dir='ltr'>quid</span> <span class='ocrx_word' id='word_1_354' title='bbox 1017 2133 1150 2164; x_wconf 89' lang='lat' dir='ltr'>nomine</span> <span class='ocrx_word' id='word_1_355' title='bbox 1173 2133 1248 2164; x_wconf 91' lang='lat' dir='ltr'>furti</span> <span class='ocrx_word' id='word_1_356' title='bbox 1277 2134 1309 2163; x_wconf 91' lang='lat' dir='ltr'>in</span> 
     </span>
     <span class='ocr_line' id='line_1_45' title="bbox 239 2174 1310 2218; baseline 0.001 -12"><span class='ocrx_word' id='word_1_357' title='bbox 239 2174 363 2216; x_wconf 63' lang='lat' dir='ltr'>lqzibus</span> <span class='ocrx_word' id='word_1_358' title='bbox 376 2174 575 2216; x_wconf 77' lang='lat' dir='ltr'>intelligitur.</span> <span class='ocrx_word' id='word_1_359' title='bbox 599 2177 692 2208; x_wconf 90' lang='lat' dir='ltr'>Unde</span> <span class='ocrx_word' id='word_1_360' title='bbox 715 2177 826 2208; x_wconf 92' lang='lat' dir='ltr'>dicunt</span> <span class='ocrx_word' id='word_1_361' title='bbox 848 2178 938 2218; x_wconf 92' lang='lat' dir='ltr'>quod</span> <span class='ocrx_word' id='word_1_362' title='bbox 961 2187 1019 2208; x_wconf 90' lang='lat' dir='ltr'>nec</span> <span class='ocrx_word' id='word_1_363' title='bbox 1034 2177 1175 2217; x_wconf 87' lang='lat' dir='ltr'>acceptio</span> <span class='ocrx_word' id='word_1_364' title='bbox 1190 2177 1310 2208; x_wconf 89' lang='lat' dir='ltr'>iurium</span> 
     </span>
     <span class='ocr_line' id='line_1_46' title="bbox 239 2219 1309 2262; baseline 0.001 -12"><span class='ocrx_word' id='word_1_365' title='bbox 239 2219 429 2251; x_wconf 49' lang='lat' dir='ltr'>nec-lterum</span> <span class='ocrx_word' id='word_1_366' title='bbox 442 2220 662 2251; x_wconf 77' lang='lat' dir='ltr'>immdbilium</span> <span class='ocrx_word' id='word_1_367' title='bbox 680 2227 727 2252; x_wconf 88' lang='lat' dir='ltr'>est</span> <span class='ocrx_word' id='word_1_368' title='bbox 749 2221 884 2259; x_wconf 85' lang='lat' dir='ltr'>furtum,</span> <span class='ocrx_word' id='word_1_369' title='bbox 901 2221 1068 2262; x_wconf 85' lang='lat' dir='ltr'>allegando</span> <span class='ocrx_word' id='word_1_370' title='bbox 1091 2221 1176 2261; x_wconf 85' lang='lat' dir='ltr'>leges</span> <span class='ocrx_word' id='word_1_371' title='bbox 1193 2221 1309 2252; x_wconf 89' lang='lat' dir='ltr'>civiles.</span> 
     </span>
     <span class='ocr_line' id='line_1_47' title="bbox 238 2263 1310 2306; baseline 0.001 -11"><span class='ocrx_word' id='word_1_372' title='bbox 238 2263 308 2295; x_wconf 66' lang='lat' dir='ltr'>nex</span> <span class='ocrx_word' id='word_1_373' title='bbox 321 2270 440 2300; x_wconf 82' lang='lat' dir='ltr'>autem,</span> <span class='ocrx_word' id='word_1_374' title='bbox 455 2264 512 2305; x_wconf 89' lang='lat' dir='ltr'>qui</span> <span class='ocrx_word' id='word_1_375' title='bbox 527 2265 684 2295; x_wconf 77' lang='lat' dir='ltr'>moralem</span> <span class='ocrx_word' id='word_1_376' title='bbox 699 2265 898 2304; x_wconf 80' lang='lat' dir='ltr'>theologiam</span> <span class='ocrx_word' id='word_1_377' title='bbox 913 2265 1010 2296; x_wconf 89' lang='lat' dir='ltr'>simul</span> <span class='ocrx_word' id='word_1_378' title='bbox 1025 2272 1056 2296; x_wconf 91' lang='lat' dir='ltr'>et</span> <span class='ocrx_word' id='word_1_379' title='bbox 1069 2265 1310 2306; x_wconf 83' lang='lat' dir='ltr'>philosophiam</span> 
     </span>
     <span class='ocr_line' id='line_1_48' title="bbox 239 2308 1311 2349; baseline 0.001 -10"><span class='ocrx_word' id='word_1_380' title='bbox 239 2313 421 2344; x_wconf 59' lang='lat' dir='ltr'>tammum,</span> <span class='ocrx_word' id='word_1_381' title='bbox 445 2315 477 2339; x_wconf 88' lang='lat' dir='ltr'>et</span> <span class='ocrx_word' id='word_1_382' title='bbox 499 2309 538 2339; x_wconf 87' lang='lat' dir='ltr'>de</span> <span class='ocrx_word' id='word_1_383' title='bbox 561 2308 629 2348; x_wconf 84' lang='lat' dir='ltr'>ipsa</span> <span class='ocrx_word' id='word_1_384' title='bbox 652 2309 728 2339; x_wconf 89' lang='lat' dir='ltr'>furti</span> <span class='ocrx_word' id='word_1_385' title='bbox 751 2309 855 2349; x_wconf 90' lang='lat' dir='ltr'>specie</span> <span class='ocrx_word' id='word_1_386' title='bbox 878 2309 1057 2349; x_wconf 90' lang='lat' dir='ltr'>loquimur,</span> <span class='ocrx_word' id='word_1_387' title='bbox 1081 2308 1252 2339; x_wconf 89' lang='lat' dir='ltr'>definimus</span> <span class='ocrx_word' id='word_1_388' title='bbox 1275 2317 1311 2340; x_wconf 90' lang='lat' dir='ltr'>ut</span> 
     </span>
     <span class='ocr_line' id='line_1_49' title="bbox 239 2350 1310 2392; baseline -0.001 -8"><span class='ocrx_word' id='word_1_389' title='bbox 239 2350 453 2392; x_wconf 70' lang='lat' dir='ltr'>philosophos</span> <span class='ocrx_word' id='word_1_390' title='bbox 467 2353 566 2383; x_wconf 88' lang='lat' dir='ltr'>decet.</span> <span class='ocrx_word' id='word_1_391' title='bbox 590 2353 632 2383; x_wconf 92' lang='lat' dir='ltr'>Et</span> <span class='ocrx_word' id='word_1_392' title='bbox 648 2353 783 2383; x_wconf 88' lang='lat' dir='ltr'>dicimus</span> <span class='ocrx_word' id='word_1_393' title='bbox 799 2353 921 2383; x_wconf 88' lang='lat' dir='ltr'>nullam</span> <span class='ocrx_word' id='word_1_394' title='bbox 937 2353 1062 2384; x_wconf 89' lang='lat' dir='ltr'>illarum</span> <span class='ocrx_word' id='word_1_395' title='bbox 1083 2353 1310 2392; x_wconf 81' lang='lat' dir='ltr'>particularum</span> 
     </span>
     <span class='ocr_line' id='line_1_50' title="bbox 240 2394 1309 2437; baseline 0.001 -11"><span class='ocrx_word' id='word_1_396' title='bbox 240 2394 421 2427; x_wconf 58' lang='lat' dir='ltr'>addendam</span> <span class='ocrx_word' id='word_1_397' title='bbox 449 2406 516 2426; x_wconf 88' lang='lat' dir='ltr'>esse</span> <span class='ocrx_word' id='word_1_398' title='bbox 546 2396 741 2427; x_wconf 87' lang='lat' dir='ltr'>definitioni:</span> <span class='ocrx_word' id='word_1_399' title='bbox 772 2404 804 2427; x_wconf 90' lang='lat' dir='ltr'>et</span> <span class='ocrx_word' id='word_1_400' title='bbox 831 2406 896 2427; x_wconf 88' lang='lat' dir='ltr'>non</span> <span class='ocrx_word' id='word_1_401' title='bbox 927 2406 983 2437; x_wconf 92' lang='lat' dir='ltr'>per</span> <span class='ocrx_word' id='word_1_402' title='bbox 1009 2399 1309 2435; x_wconf 80' lang='lat' dir='ltr'>contrectationem,</span> 
     </span>
     <span class='ocr_line' id='line_1_51' title="bbox 240 2440 1312 2481; baseline -0.002 -8"><span class='ocrx_word' id='word_1_403' title='bbox 240 2449 326 2481; x_wconf 67' lang='lat' dir='ltr'>qm</span> <span class='ocrx_word' id='word_1_404' title='bbox 340 2446 466 2472; x_wconf 59' lang='lat' dir='ltr'>&gt;tactum</span> <span class='ocrx_word' id='word_1_405' title='bbox 489 2440 598 2480; x_wconf 88' lang='lat' dir='ltr'>potius</span> <span class='ocrx_word' id='word_1_406' title='bbox 621 2450 719 2481; x_wconf 88' lang='lat' dir='ltr'>quam</span> <span class='ocrx_word' id='word_1_407' title='bbox 743 2441 984 2480; x_wconf 79' lang='lat' dir='ltr'>usurpationem</span> <span class='ocrx_word' id='word_1_408' title='bbox 1006 2441 1050 2471; x_wconf 91' lang='lat' dir='ltr'>rei</span> <span class='ocrx_word' id='word_1_409' title='bbox 1073 2440 1237 2480; x_wconf 81' lang='lat' dir='ltr'>significat,</span> <span class='ocrx_word' id='word_1_410' title='bbox 1257 2442 1312 2471; x_wconf 88' lang='lat' dir='ltr'>sed</span> 
     </span>
     <span class='ocr_line' id='line_1_52' title="bbox 239 2484 1311 2525; baseline 0 -10"><span class='ocrx_word' id='word_1_411' title='bbox 239 2493 302 2525; x_wconf 72' lang='lat' dir='ltr'>pu·</span> <span class='ocrx_word' id='word_1_412' title='bbox 325 2485 541 2525; x_wconf 77' lang='lat' dir='ltr'>acceptionem</span> <span class='ocrx_word' id='word_1_413' title='bbox 575 2484 792 2515; x_wconf 89' lang='lat' dir='ltr'>definiendum</span> <span class='ocrx_word' id='word_1_414' title='bbox 819 2484 951 2516; x_wconf 82' lang='lat' dir='ltr'>furtum.</span> <span class='ocrx_word' id='word_1_415' title='bbox 986 2485 1027 2515; x_wconf 89' lang='lat' dir='ltr'>Et</span> <span class='ocrx_word' id='word_1_416' title='bbox 1059 2491 1096 2515; x_wconf 88' lang='lat' dir='ltr'>ut</span> <span class='ocrx_word' id='word_1_417' title='bbox 1128 2485 1311 2525; x_wconf 76' lang='lat' dir='ltr'>singillatim</span> 
     </span>
     <span class='ocr_line' id='line_1_53' title="bbox 239 2526 1311 2570; baseline 0 -11"><span class='ocrx_word' id='word_1_418' title='bbox 239 2526 459 2565; x_wconf 81' lang='lat' dir='ltr'>discutiantur,</span> <span class='ocrx_word' id='word_1_419' title='bbox 475 2529 508 2570; x_wconf 92' lang='lat' dir='ltr'>ly</span> <span class='ocrx_word' id='word_1_420' title='bbox 527 2529 652 2559; x_wconf 85' lang='lat' dir='ltr'>mobilis</span> <span class='ocrx_word' id='word_1_421' title='bbox 674 2536 704 2559; x_wconf 90' lang='lat' dir='ltr'>et</span> <span class='ocrx_word' id='word_1_422' title='bbox 727 2530 905 2569; x_wconf 74' lang='lat' dir='ltr'>corporalis</span> <span class='ocrx_word' id='word_1_423' title='bbox 928 2529 1004 2559; x_wconf 86' lang='lat' dir='ltr'>false</span> <span class='ocrx_word' id='word_1_424' title='bbox 1024 2529 1214 2560; x_wconf 86' lang='lat' dir='ltr'>adderentur</span> <span class='ocrx_word' id='word_1_425' title='bbox 1236 2529 1311 2559; x_wconf 89' lang='lat' dir='ltr'>defi-</span> 
     </span>
     <span class='ocr_line' id='line_1_54' title="bbox 240 2571 1311 2613; baseline 0.001 -10"><span class='ocrx_word' id='word_1_426' title='bbox 240 2571 366 2604; x_wconf 70' lang='lat' dir='ltr'>nationi.</span> <span class='ocrx_word' id='word_1_427' title='bbox 400 2572 486 2610; x_wconf 87' lang='lat' dir='ltr'>Quia</span> <span class='ocrx_word' id='word_1_428' title='bbox 515 2573 556 2602; x_wconf 85' lang='lat' dir='ltr'>ad</span> <span class='ocrx_word' id='word_1_429' title='bbox 579 2572 655 2603; x_wconf 87' lang='lat' dir='ltr'>furti</span> <span class='ocrx_word' id='word_1_430' title='bbox 688 2573 828 2612; x_wconf 87' lang='lat' dir='ltr'>speciem</span> <span class='ocrx_word' id='word_1_431' title='bbox 856 2579 976 2613; x_wconf 86' lang='lat' dir='ltr'>spectat</span> <span class='ocrx_word' id='word_1_432' title='bbox 1009 2573 1151 2613; x_wconf 85' lang='lat' dir='ltr'>acceptio</span> <span class='ocrx_word' id='word_1_433' title='bbox 1187 2573 1311 2604; x_wconf 87' lang='lat' dir='ltr'>occulta</span> 
     </span>
     <span class='ocr_line' id='line_1_55' title="bbox 239 2615 1311 2657; baseline 0.001 -10"><span class='ocrx_word' id='word_1_434' title='bbox 239 2615 336 2647; x_wconf 76' lang='lat' dir='ltr'>alieni</span> <span class='ocrx_word' id='word_1_435' title='bbox 358 2617 424 2656; x_wconf 79' lang='lat' dir='ltr'>agri</span> <span class='ocrx_word' id='word_1_436' title='bbox 446 2623 479 2648; x_wconf 92' lang='lat' dir='ltr'>et</span> <span class='ocrx_word' id='word_1_437' title='bbox 500 2616 680 2647; x_wconf 84' lang='lat' dir='ltr'>alienorum</span> <span class='ocrx_word' id='word_1_438' title='bbox 703 2617 833 2653; x_wconf 86' lang='lat' dir='ltr'>iurium,</span> <span class='ocrx_word' id='word_1_439' title='bbox 850 2626 916 2647; x_wconf 90' lang='lat' dir='ltr'>non</span> <span class='ocrx_word' id='word_1_440' title='bbox 939 2616 1047 2647; x_wconf 89' lang='lat' dir='ltr'>minus</span> <span class='ocrx_word' id='word_1_441' title='bbox 1070 2626 1169 2657; x_wconf 90' lang='lat' dir='ltr'>quam</span> <span class='ocrx_word' id='word_1_442' title='bbox 1191 2617 1311 2648; x_wconf 88' lang='lat' dir='ltr'>alienae</span> 
     </span>
     <span class='ocr_line' id='line_1_56' title="bbox 239 2659 1310 2701; baseline 0 -10"><span class='ocrx_word' id='word_1_443' title='bbox 239 2659 349 2691; x_wconf 68' lang='lat' dir='ltr'>vestis:</span> <span class='ocrx_word' id='word_1_444' title='bbox 372 2660 451 2691; x_wconf 83' lang='lat' dir='ltr'>haec</span> <span class='ocrx_word' id='word_1_445' title='bbox 473 2660 559 2691; x_wconf 87' lang='lat' dir='ltr'>enim</span> <span class='ocrx_word' id='word_1_446' title='bbox 582 2661 784 2692; x_wconf 86' lang='lat' dir='ltr'>materialiter</span> <span class='ocrx_word' id='word_1_447' title='bbox 806 2670 840 2691; x_wconf 93' lang='lat' dir='ltr'>se</span> <span class='ocrx_word' id='word_1_448' title='bbox 863 2661 980 2691; x_wconf 88' lang='lat' dir='ltr'>habent</span> <span class='ocrx_word' id='word_1_449' title='bbox 1002 2661 1034 2691; x_wconf 90' lang='lat' dir='ltr'>in</span> <span class='ocrx_word' id='word_1_450' title='bbox 1058 2661 1241 2701; x_wconf 85' lang='lat' dir='ltr'>acceptione</span> <span class='ocrx_word' id='word_1_451' title='bbox 1264 2661 1310 2691; x_wconf 88' lang='lat' dir='ltr'>in—</span> 
     </span>
     <span class='ocr_line' id='line_1_57' title="bbox 239 2703 1314 2746; baseline 0 -10"><span class='ocrx_word' id='word_1_452' title='bbox 239 2703 360 2736; x_wconf 63' lang='lat' dir='ltr'>iuriosa</span> <span class='ocrx_word' id='word_1_453' title='bbox 386 2704 496 2741; x_wconf 81' lang='lat' dir='ltr'>alieni,</span> <span class='ocrx_word' id='word_1_454' title='bbox 520 2711 551 2735; x_wconf 90' lang='lat' dir='ltr'>et</span> <span class='ocrx_word' id='word_1_455' title='bbox 573 2714 640 2735; x_wconf 89' lang='lat' dir='ltr'>non</span> <span class='ocrx_word' id='word_1_456' title='bbox 663 2705 784 2736; x_wconf 86' lang='lat' dir='ltr'>variant</span> <span class='ocrx_word' id='word_1_457' title='bbox 811 2705 958 2745; x_wconf 88' lang='lat' dir='ltr'>speciem.</span> <span class='ocrx_word' id='word_1_458' title='bbox 989 2722 1011 2728; x_wconf 93' lang='lat'><em>—</em></span> <span class='ocrx_word' id='word_1_459' title='bbox 1039 2705 1088 2745; x_wconf 93' lang='lat' dir='ltr'>Ly</span> <span class='ocrx_word' id='word_1_460' title='bbox 1105 2705 1314 2746; x_wconf 79' lang='lat' dir='ltr'>fraudatosa</span> 
     </span>
     <span class='ocr_line' id='line_1_58' title="bbox 241 2747 1310 2789; baseline -0.001 -9"><span class='ocrx_word' id='word_1_461' title='bbox 241 2747 402 2789; x_wconf 57' lang='lat' dir='ltr'>manue</span> <span class='ocrx_word' id='word_1_462' title='bbox 429 2755 654 2788; x_wconf 86' lang='lat' dir='ltr'>apponeretur.</span> <span class='ocrx_word' id='word_1_463' title='bbox 687 2749 772 2787; x_wconf 86' lang='lat' dir='ltr'>Quia</span> <span class='ocrx_word' id='word_1_464' title='bbox 801 2749 928 2780; x_wconf 84' lang='lat' dir='ltr'>animus</span> <span class='ocrx_word' id='word_1_465' title='bbox 957 2748 1083 2780; x_wconf 86' lang='lat' dir='ltr'>furandi</span> <span class='ocrx_word' id='word_1_466' title='bbox 1113 2758 1180 2779; x_wconf 91' lang='lat' dir='ltr'>non</span> <span class='ocrx_word' id='word_1_467' title='bbox 1210 2749 1310 2789; x_wconf 84' lang='lat' dir='ltr'>magis</span> 
     </span>
     <span class='ocr_line' id='line_1_59' title="bbox 240 2791 1310 2833; baseline 0.001 -11"><span class='ocrx_word' id='word_1_468' title='bbox 240 2791 412 2832; x_wconf 60' lang='lat' dir='ltr'>aquiritur</span> <span class='ocrx_word' id='word_1_469' title='bbox 433 2792 473 2822; x_wconf 85' lang='lat' dir='ltr'>ad</span> <span class='ocrx_word' id='word_1_470' title='bbox 495 2791 600 2822; x_wconf 84' lang='lat' dir='ltr'>furem</span> <span class='ocrx_word' id='word_1_471' title='bbox 629 2802 728 2833; x_wconf 86' lang='lat' dir='ltr'>quam</span> <span class='ocrx_word' id='word_1_472' title='bbox 753 2793 878 2823; x_wconf 88' lang='lat' dir='ltr'>animus</span> <span class='ocrx_word' id='word_1_473' title='bbox 902 2792 1099 2823; x_wconf 88' lang='lat' dir='ltr'>adulterandi</span> <span class='ocrx_word' id='word_1_474' title='bbox 1126 2793 1165 2822; x_wconf 91' lang='lat' dir='ltr'>ad</span> <span class='ocrx_word' id='word_1_475' title='bbox 1189 2793 1310 2824; x_wconf 87' lang='lat' dir='ltr'>adulte-</span> 
     </span>
     <span class='ocr_line' id='line_1_60' title="bbox 241 2835 1309 2877; baseline 0.001 -11"><span class='ocrx_word' id='word_1_476' title='bbox 241 2836 342 2866; x_wconf 73' lang='lat' dir='ltr'>rium:</span> <span class='ocrx_word' id='word_1_477' title='bbox 375 2845 434 2866; x_wconf 91' lang='lat' dir='ltr'>nec</span> <span class='ocrx_word' id='word_1_478' title='bbox 459 2842 566 2867; x_wconf 84' lang='lat' dir='ltr'>tamen</span> <span class='ocrx_word' id='word_1_479' title='bbox 594 2843 723 2876; x_wconf 87' lang='lat' dir='ltr'>oportet</span> <span class='ocrx_word' id='word_1_480' title='bbox 752 2846 872 2877; x_wconf 88' lang='lat' dir='ltr'>ponere</span> <span class='ocrx_word' id='word_1_481' title='bbox 900 2837 933 2867; x_wconf 89' lang='lat' dir='ltr'>in</span> <span class='ocrx_word' id='word_1_482' title='bbox 958 2835 1141 2867; x_wconf 85' lang='lat' dir='ltr'>definitione</span> <span class='ocrx_word' id='word_1_483' title='bbox 1165 2837 1309 2867; x_wconf 87' lang='lat' dir='ltr'>adulterii</span> 
     </span>
     <span class='ocr_line' id='line_1_61' title="bbox 241 2879 1308 2920; baseline -0.001 -9"><span class='ocrx_word' id='word_1_484' title='bbox 241 2880 314 2916; x_wconf 84' lang='lat' dir='ltr'>hoc,</span> <span class='ocrx_word' id='word_1_485' title='bbox 328 2885 390 2911; x_wconf 82' lang='lat' dir='ltr'>etc.</span> <span class='ocrx_word' id='word_1_486' title='bbox 414 2879 462 2910; x_wconf 89' lang='lat' dir='ltr'>De</span> <span class='ocrx_word' id='word_1_487' title='bbox 476 2879 549 2919; x_wconf 80' lang='lat' dir='ltr'>ipso</span> <span class='ocrx_word' id='word_1_488' title='bbox 571 2889 712 2920; x_wconf 86' lang='lat' dir='ltr'>namque</span> <span class='ocrx_word' id='word_1_489' title='bbox 727 2888 858 2920; x_wconf 81' lang='lat' dir='ltr'>peccato</span> <span class='ocrx_word' id='word_1_490' title='bbox 874 2890 930 2910; x_wconf 93' lang='lat' dir='ltr'>seu</span> <span class='ocrx_word' id='word_1_491' title='bbox 946 2879 1024 2910; x_wconf 90' lang='lat' dir='ltr'>vitio</span> <span class='ocrx_word' id='word_1_492' title='bbox 1047 2880 1225 2920; x_wconf 88' lang='lat' dir='ltr'>loquentes,</span> <span class='ocrx_word' id='word_1_493' title='bbox 1242 2890 1308 2910; x_wconf 91' lang='lat' dir='ltr'>non</span> 
     </span>
     <span class='ocr_line' id='line_1_62' title="bbox 241 2923 1309 2964; baseline -0.001 -9"><span class='ocrx_word' id='word_1_494' title='bbox 241 2923 302 2955; x_wconf 69' lang='lat' dir='ltr'>nini</span> <span class='ocrx_word' id='word_1_495' title='bbox 329 2924 389 2954; x_wconf 82' lang='lat' dir='ltr'>sub</span> <span class='ocrx_word' id='word_1_496' title='bbox 411 2932 526 2964; x_wconf 83' lang='lat' dir='ltr'>genere</span> <span class='ocrx_word' id='word_1_497' title='bbox 548 2923 720 2954; x_wconf 85' lang='lat' dir='ltr'>voluntarii</span> <span class='ocrx_word' id='word_1_498' title='bbox 742 2932 919 2954; x_wconf 81' lang='lat' dir='ltr'>versamur:</span> <span class='ocrx_word' id='word_1_499' title='bbox 952 2933 1026 2954; x_wconf 87' lang='lat' dir='ltr'>cum</span> <span class='ocrx_word' id='word_1_500' title='bbox 1055 2931 1220 2963; x_wconf 88' lang='lat' dir='ltr'>peccatum</span> <span class='ocrx_word' id='word_1_501' title='bbox 1250 2925 1309 2954; x_wconf 88' lang='lat' dir='ltr'>sub</span> 
     </span>
     <span class='ocr_line' id='line_1_63' title="bbox 241 2967 1310 3009; baseline -0.001 -11"><span class='ocrx_word' id='word_1_502' title='bbox 241 2977 355 3009; x_wconf 79' lang='lat' dir='ltr'>genere</span> <span class='ocrx_word' id='word_1_503' title='bbox 378 2967 418 2998; x_wconf 90' lang='lat' dir='ltr'>sit</span> <span class='ocrx_word' id='word_1_504' title='bbox 438 2967 625 3004; x_wconf 86' lang='lat' dir='ltr'>voluntarii,</span> <span class='ocrx_word' id='word_1_505' title='bbox 649 2968 731 2998; x_wconf 90' lang='lat' dir='ltr'>sicut</span> <span class='ocrx_word' id='word_1_506' title='bbox 753 2968 921 3008; x_wconf 85' lang='lat' dir='ltr'>quodlibet</span> <span class='ocrx_word' id='word_1_507' title='bbox 942 2967 1073 2998; x_wconf 89' lang='lat' dir='ltr'>morale.</span> <span class='ocrx_word' id='word_1_508' title='bbox 1098 2984 1117 2990; x_wconf 95' lang='lat'>-</span> <span class='ocrx_word' id='word_1_509' title='bbox 1140 2968 1189 3008; x_wconf 87' lang='lat' dir='ltr'>Ly</span> <span class='ocrx_word' id='word_1_510' title='bbox 1212 2968 1310 2998; x_wconf 78' lang='lat' dir='ltr'>invito</span> 
     </span>
     <span class='ocr_line' id='line_1_64' title="bbox 240 3011 1310 3052; baseline -0.002 -9"><span class='ocrx_word' id='word_1_511' title='bbox 240 3012 372 3043; x_wconf 78' lang='lat' dir='ltr'>domino</span> <span class='ocrx_word' id='word_1_512' title='bbox 395 3011 555 3051; x_wconf 84' lang='lat' dir='ltr'>superflue</span> <span class='ocrx_word' id='word_1_513' title='bbox 577 3012 752 3042; x_wconf 85' lang='lat' dir='ltr'>adderetur.</span> <span class='ocrx_word' id='word_1_514' title='bbox 777 3012 862 3049; x_wconf 82' lang='lat' dir='ltr'>Quia</span> <span class='ocrx_word' id='word_1_515' title='bbox 877 3011 903 3042; x_wconf 90' lang='lat' dir='ltr'>si</span> <span class='ocrx_word' id='word_1_516' title='bbox 919 3011 1042 3042; x_wconf 87' lang='lat' dir='ltr'>occulte</span> <span class='ocrx_word' id='word_1_517' title='bbox 1059 3011 1219 3052; x_wconf 88' lang='lat' dir='ltr'>accipitur,</span> <span class='ocrx_word' id='word_1_518' title='bbox 1235 3021 1310 3042; x_wconf 92' lang='lat' dir='ltr'>con-</span> 
     </span>
     <span class='ocr_line' id='line_1_65' title="bbox 241 3054 1309 3096; baseline -0.002 -9"><span class='ocrx_word' id='word_1_519' title='bbox 241 3062 304 3087; x_wconf 77' lang='lat' dir='ltr'>stat</span> <span class='ocrx_word' id='word_1_520' title='bbox 324 3055 424 3096; x_wconf 86' lang='lat' dir='ltr'>quod,</span> <span class='ocrx_word' id='word_1_521' title='bbox 444 3061 603 3096; x_wconf 82' lang='lat' dir='ltr'>quantum</span> <span class='ocrx_word' id='word_1_522' title='bbox 620 3062 668 3086; x_wconf 90' lang='lat' dir='ltr'>est</span> <span class='ocrx_word' id='word_1_523' title='bbox 690 3065 727 3086; x_wconf 85' lang='lat' dir='ltr'>ex</span> <span class='ocrx_word' id='word_1_524' title='bbox 749 3062 838 3096; x_wconf 90' lang='lat' dir='ltr'>parte</span> <span class='ocrx_word' id='word_1_525' title='bbox 859 3055 1027 3096; x_wconf 88' lang='lat' dir='ltr'>peccantis,</span> <span class='ocrx_word' id='word_1_526' title='bbox 1051 3054 1151 3086; x_wconf 90' lang='lat' dir='ltr'>invito</span> <span class='ocrx_word' id='word_1_527' title='bbox 1175 3054 1309 3085; x_wconf 88' lang='lat' dir='ltr'>domino</span> 
     </span>
     <span class='ocr_line' id='line_1_66' title="bbox 242 3099 1310 3140; baseline -0.002 -9"><span class='ocrx_word' id='word_1_528' title='bbox 242 3099 369 3140; x_wconf 78' lang='lat' dir='ltr'>accipit:</span> <span class='ocrx_word' id='word_1_529' title='bbox 394 3106 424 3130; x_wconf 88' lang='lat' dir='ltr'>et</span> <span class='ocrx_word' id='word_1_530' title='bbox 448 3099 527 3130; x_wconf 89' lang='lat' dir='ltr'>nihil</span> <span class='ocrx_word' id='word_1_531' title='bbox 550 3099 590 3129; x_wconf 87' lang='lat' dir='ltr'>ad</span> <span class='ocrx_word' id='word_1_532' title='bbox 612 3106 779 3140; x_wconf 87' lang='lat' dir='ltr'>peccatum</span> <span class='ocrx_word' id='word_1_533' title='bbox 801 3099 895 3130; x_wconf 78' lang='lat' dir='ltr'>refert</span> <span class='ocrx_word' id='word_1_534' title='bbox 917 3099 942 3129; x_wconf 86' lang='lat' dir='ltr'>si</span> <span class='ocrx_word' id='word_1_535' title='bbox 965 3099 1117 3130; x_wconf 92' lang='lat' dir='ltr'>dominus</span> <span class='ocrx_word' id='word_1_536' title='bbox 1133 3105 1180 3129; x_wconf 93' lang='lat' dir='ltr'>est</span> <span class='ocrx_word' id='word_1_537' title='bbox 1202 3099 1310 3129; x_wconf 88' lang='lat' dir='ltr'>animo</span> 
     </span>
    </p>
   </div>
   <div class='ocr_carea' id='block_1_11' title="bbox 242 3143 1336 3188">
    <p class='ocr_par' dir='ltr' id='par_1_13' title="bbox 242 3143 1336 3188">
     <span class='ocr_line' id='line_1_67' title="bbox 242 3143 1336 3188; baseline -0.002 -13"><span class='ocrx_word' id='word_1_538' title='bbox 242 3153 304 3175; x_wconf 81' lang='lat' dir='ltr'>suo</span> <span class='ocrx_word' id='word_1_539' title='bbox 322 3143 443 3174; x_wconf 84' lang='lat' dir='ltr'>invitus</span> <span class='ocrx_word' id='word_1_540' title='bbox 465 3150 522 3174; x_wconf 87' lang='lat' dir='ltr'>aut</span> <span class='ocrx_word' id='word_1_541' title='bbox 543 3152 624 3179; x_wconf 89' lang='lat' dir='ltr'>non;</span> <span class='ocrx_word' id='word_1_542' title='bbox 647 3144 688 3174; x_wconf 85' lang='lat' dir='ltr'>ad</span> <span class='ocrx_word' id='word_1_543' title='bbox 710 3150 857 3175; x_wconf 88' lang='lat' dir='ltr'>naturam</span> <span class='ocrx_word' id='word_1_544' title='bbox 875 3143 1033 3184; x_wconf 87' lang='lat' dir='ltr'>siquidem</span> <span class='ocrx_word' id='word_1_545' title='bbox 1055 3149 1144 3174; x_wconf 86' lang='lat' dir='ltr'>actus</span> <span class='ocrx_word' id='word_1_546' title='bbox 1167 3149 1310 3183; x_wconf 88' lang='lat' dir='ltr'>spectan-</span> <span class='ocrx_word' id='word_1_547' title='bbox 1334 3178 1336 3188; x_wconf 51' lang='grc' dir='ltr'>Ι</span> 
     </span>
    </p>
   </div>
   <div class='ocr_carea' id='block_1_12' title="bbox 243 3187 1311 3580">
    <p class='ocr_par' dir='ltr' id='par_1_14' title="bbox 243 3187 1311 3482">
     <span class='ocr_line' id='line_1_68' title="bbox 243 3187 1309 3228; baseline -0.002 -9"><span class='ocrx_word' id='word_1_548' title='bbox 243 3188 323 3219; x_wconf 84' lang='lat' dir='ltr'>dum</span> <span class='ocrx_word' id='word_1_549' title='bbox 343 3193 399 3219; x_wconf 90' lang='lat' dir='ltr'>est.</span> <span class='ocrx_word' id='word_1_550' title='bbox 424 3205 445 3211; x_wconf 94' lang='lat'>-</span> <span class='ocrx_word' id='word_1_551' title='bbox 469 3188 517 3228; x_wconf 82' lang='lat' dir='ltr'>Ly</span> <span class='ocrx_word' id='word_1_552' title='bbox 538 3189 648 3218; x_wconf 79' lang='lat' dir='ltr'>animo</span> <span class='ocrx_word' id='word_1_553' title='bbox 670 3188 822 3226; x_wconf 78' lang='lat' dir='ltr'>lucrandi</span> <span class='ocrx_word' id='word_1_554' title='bbox 843 3187 920 3218; x_wconf 85' lang='lat' dir='ltr'>false</span> <span class='ocrx_word' id='word_1_555' title='bbox 936 3193 1159 3228; x_wconf 87' lang='lat' dir='ltr'>apponeretur.</span> <span class='ocrx_word' id='word_1_556' title='bbox 1183 3187 1268 3224; x_wconf 85' lang='lat' dir='ltr'>Quia</span> <span class='ocrx_word' id='word_1_557' title='bbox 1283 3187 1309 3217; x_wconf 90' lang='lat' dir='ltr'>si</span> 
     </span>
     <span class='ocr_line' id='line_1_69' title="bbox 243 3231 1310 3272; baseline -0.001 -10"><span class='ocrx_word' id='word_1_558' title='bbox 243 3241 311 3262; x_wconf 89' lang='lat' dir='ltr'>non</span> <span class='ocrx_word' id='word_1_559' title='bbox 332 3232 441 3263; x_wconf 82' lang='lat' dir='ltr'>animo</span> <span class='ocrx_word' id='word_1_560' title='bbox 460 3231 613 3267; x_wconf 84' lang='lat' dir='ltr'>lucrandi,</span> <span class='ocrx_word' id='word_1_561' title='bbox 629 3232 684 3262; x_wconf 87' lang='lat' dir='ltr'>sed</span> <span class='ocrx_word' id='word_1_562' title='bbox 700 3231 933 3267; x_wconf 81' lang='lat' dir='ltr'>damnificandi,</span> <span class='ocrx_word' id='word_1_563' title='bbox 948 3231 1044 3267; x_wconf 87' lang='lat' dir='ltr'>fieret,</span> <span class='ocrx_word' id='word_1_564' title='bbox 1065 3237 1101 3262; x_wconf 90' lang='lat' dir='ltr'>ut</span> <span class='ocrx_word' id='word_1_565' title='bbox 1116 3231 1141 3261; x_wconf 89' lang='lat' dir='ltr'>si</span> <span class='ocrx_word' id='word_1_566' title='bbox 1156 3231 1310 3272; x_wconf 87' lang='lat' dir='ltr'>acciperet</span> 
     </span>
     <span class='ocr_line' id='line_1_70' title="bbox 243 3275 1310 3316; baseline -0.002 -9"><span class='ocrx_word' id='word_1_567' title='bbox 243 3275 369 3307; x_wconf 83' lang='lat' dir='ltr'>occulte</span> <span class='ocrx_word' id='word_1_568' title='bbox 391 3282 512 3306; x_wconf 84' lang='lat' dir='ltr'>vestem</span> <span class='ocrx_word' id='word_1_569' title='bbox 532 3275 668 3306; x_wconf 78' lang='lat' dir='ltr'>alienam</span> <span class='ocrx_word' id='word_1_570' title='bbox 691 3283 728 3307; x_wconf 90' lang='lat' dir='ltr'>ut</span> <span class='ocrx_word' id='word_1_571' title='bbox 750 3276 916 3316; x_wconf 90' lang='lat' dir='ltr'>proiiceret</span> <span class='ocrx_word' id='word_1_572' title='bbox 931 3285 1002 3306; x_wconf 85' lang='lat' dir='ltr'>eam</span> <span class='ocrx_word' id='word_1_573' title='bbox 1024 3275 1057 3305; x_wconf 90' lang='lat' dir='ltr'>in</span> <span class='ocrx_word' id='word_1_574' title='bbox 1080 3275 1210 3311; x_wconf 88' lang='lat' dir='ltr'>flumen,</span> <span class='ocrx_word' id='word_1_575' title='bbox 1235 3275 1310 3306; x_wconf 86' lang='lat' dir='ltr'>furti</span> 
     </span>
     <span class='ocr_line' id='line_1_71' title="bbox 243 3320 1308 3360; baseline -0.001 -10"><span class='ocrx_word' id='word_1_576' title='bbox 243 3328 316 3350; x_wconf 77' lang='lat' dir='ltr'>reus</span> <span class='ocrx_word' id='word_1_577' title='bbox 340 3327 430 3350; x_wconf 84' lang='lat' dir='ltr'>esset.</span> <span class='ocrx_word' id='word_1_578' title='bbox 459 3337 479 3342; x_wconf 95' lang='lat'>—</span> <span class='ocrx_word' id='word_1_579' title='bbox 507 3320 555 3360; x_wconf 88' lang='lat' dir='ltr'>Ly</span> <span class='ocrx_word' id='word_1_580' title='bbox 577 3320 644 3350; x_wconf 73' lang='lat' dir='ltr'>sive</span> <span class='ocrx_word' id='word_1_581' title='bbox 666 3320 715 3350; x_wconf 84' lang='lat' dir='ltr'>rei</span> <span class='ocrx_word' id='word_1_582' title='bbox 742 3321 810 3350; x_wconf 80' lang='lat' dir='ltr'>sive</span> <span class='ocrx_word' id='word_1_583' title='bbox 832 3329 910 3350; x_wconf 87' lang='lat' dir='ltr'>usus</span> <span class='ocrx_word' id='word_1_584' title='bbox 938 3320 1006 3350; x_wconf 83' lang='lat' dir='ltr'>sive</span> <span class='ocrx_word' id='word_1_585' title='bbox 1021 3320 1234 3359; x_wconf 77' lang='lat' dir='ltr'>possessionis</span> <span class='ocrx_word' id='word_1_586' title='bbox 1256 3328 1308 3349; x_wconf 87' lang='lat' dir='ltr'>su-</span> 
     </span>
     <span class='ocr_line' id='line_1_72' title="bbox 243 3362 1311 3404; baseline -0.001 -10"><span class='ocrx_word' id='word_1_587' title='bbox 243 3363 365 3404; x_wconf 81' lang='lat' dir='ltr'>perflue</span> <span class='ocrx_word' id='word_1_588' title='bbox 387 3364 562 3394; x_wconf 83' lang='lat' dir='ltr'>adderetur.</span> <span class='ocrx_word' id='word_1_589' title='bbox 586 3363 671 3400; x_wconf 88' lang='lat' dir='ltr'>Quia</span> <span class='ocrx_word' id='word_1_590' title='bbox 690 3363 821 3394; x_wconf 86' lang='lat' dir='ltr'>nomine</span> <span class='ocrx_word' id='word_1_591' title='bbox 836 3363 879 3394; x_wconf 88' lang='lat' dir='ltr'>rei</span> <span class='ocrx_word' id='word_1_592' title='bbox 895 3363 1014 3394; x_wconf 86' lang='lat' dir='ltr'>alienae</span> <span class='ocrx_word' id='word_1_593' title='bbox 1030 3362 1311 3403; x_wconf 88' lang='lat' dir='ltr'>comprehenditur</span> 
     </span>
     <span class='ocr_line' id='line_1_73' title="bbox 244 3406 1308 3448; baseline -0.001 -10"><span class='ocrx_word' id='word_1_594' title='bbox 244 3416 342 3438; x_wconf 84' lang='lat' dir='ltr'>omne</span> <span class='ocrx_word' id='word_1_595' title='bbox 359 3407 449 3448; x_wconf 90' lang='lat' dir='ltr'>quod</span> <span class='ocrx_word' id='word_1_596' title='bbox 464 3414 511 3438; x_wconf 88' lang='lat' dir='ltr'>est</span> <span class='ocrx_word' id='word_1_597' title='bbox 529 3407 657 3439; x_wconf 87' lang='lat' dir='ltr'>alterius</span> <span class='ocrx_word' id='word_1_598' title='bbox 672 3414 709 3438; x_wconf 88' lang='lat' dir='ltr'>ut</span> <span class='ocrx_word' id='word_1_599' title='bbox 726 3407 885 3447; x_wconf 86' lang='lat' dir='ltr'>possessio</span> <span class='ocrx_word' id='word_1_600' title='bbox 901 3406 977 3443; x_wconf 88' lang='lat' dir='ltr'>eius,</span> <span class='ocrx_word' id='word_1_601' title='bbox 995 3406 1151 3448; x_wconf 80' lang='lat' dir='ltr'>quidquid</span> <span class='ocrx_word' id='word_1_602' title='bbox 1166 3406 1207 3437; x_wconf 93' lang='lat' dir='ltr'>sit</span> <span class='ocrx_word' id='word_1_603' title='bbox 1219 3406 1308 3443; x_wconf 86' lang='lat' dir='ltr'>illud,</span> 
     </span>
     <span class='ocr_line' id='line_1_74' title="bbox 245 3451 607 3482; baseline 0 0"><span class='ocrx_word' id='word_1_604' title='bbox 245 3457 283 3482; x_wconf 84' lang='lat' dir='ltr'>ut</span> <span class='ocrx_word' id='word_1_605' title='bbox 302 3451 336 3482; x_wconf 90' lang='lat' dir='ltr'>in</span> <span class='ocrx_word' id='word_1_606' title='bbox 359 3451 460 3482; x_wconf 88' lang='lat' dir='ltr'>littera</span> <span class='ocrx_word' id='word_1_607' title='bbox 484 3451 607 3482; x_wconf 84' lang='lat' dir='ltr'>dicitur.</span> 
     </span>
    </p>

    <p class='ocr_par' dir='ltr' id='par_1_15' title="bbox 245 3494 1309 3580">
     <span class='ocr_line' id='line_1_75' title="bbox 300 3494 1308 3534; baseline -0.002 -8"><span class='ocrx_word' id='word_1_608' title='bbox 300 3495 339 3526; x_wconf 89' lang='lat'>11.</span> <span class='ocrx_word' id='word_1_609' title='bbox 359 3495 394 3525; x_wconf 91' lang='lat' dir='ltr'>In</span> <span class='ocrx_word' id='word_1_610' title='bbox 409 3495 524 3526; x_wconf 91' lang='lat' dir='ltr'>eodem</span> <span class='ocrx_word' id='word_1_611' title='bbox 540 3495 682 3530; x_wconf 88' lang='lat' dir='ltr'>articulo,</span> <span class='ocrx_word' id='word_1_612' title='bbox 699 3495 732 3524; x_wconf 91' lang='lat' dir='ltr'>in</span> <span class='ocrx_word' id='word_1_613' title='bbox 749 3495 885 3525; x_wconf 90' lang='lat' dir='ltr'>secunda</span> <span class='ocrx_word' id='word_1_614' title='bbox 901 3494 1093 3531; x_wconf 82' lang='lat' dir='ltr'>conditione,</span> <span class='ocrx_word' id='word_1_615' title='bbox 1105 3495 1177 3524; x_wconf 86' lang='lat' dir='ltr'>vide</span> <span class='ocrx_word' id='word_1_616' title='bbox 1193 3494 1308 3534; x_wconf 89' lang='lat' dir='ltr'>primo,</span> 
     </span>
     <span class='ocr_line' id='line_1_76' title="bbox 245 3538 1309 3580; baseline -0.002 -10"><span class='ocrx_word' id='word_1_617' title='bbox 245 3542 335 3579; x_wconf 81' lang='lat' dir='ltr'>quod</span> <span class='ocrx_word' id='word_1_618' title='bbox 350 3539 489 3580; x_wconf 77' lang='lat' dir='ltr'>accipere</span> <span class='ocrx_word' id='word_1_619' title='bbox 505 3548 637 3570; x_wconf 84' lang='lat' dir='ltr'>uxorem</span> <span class='ocrx_word' id='word_1_620' title='bbox 652 3539 702 3569; x_wconf 91' lang='lat' dir='ltr'>vel</span> <span class='ocrx_word' id='word_1_621' title='bbox 720 3538 818 3569; x_wconf 87' lang='lat' dir='ltr'>filiam</span> <span class='ocrx_word' id='word_1_622' title='bbox 832 3538 966 3568; x_wconf 87' lang='lat' dir='ltr'>alienam</span> <span class='ocrx_word' id='word_1_623' title='bbox 986 3547 1052 3568; x_wconf 90' lang='lat' dir='ltr'>non</span> <span class='ocrx_word' id='word_1_624' title='bbox 1071 3538 1164 3569; x_wconf 86' lang='lat' dir='ltr'>habet</span> <span class='ocrx_word' id='word_1_625' title='bbox 1183 3538 1309 3579; x_wconf 86' lang='lat' dir='ltr'>proprie</span> 
     </span>
    </p>
   </div>
   <div class='ocr_carea' id='block_1_13' title="bbox 1333 2788 1338 3565">
    <p class='ocr_par' dir='ltr' id='par_1_16' title="bbox 1333 2788 1338 3565">
     <span class='ocr_line' id='line_1_77' title="bbox 1333 2788 1338 3565; baseline 0 0"><span class='ocrx_word' id='word_1_626' title='bbox 1333 2788 1338 3565; x_wconf 95' lang='lat' dir='ltr'> </span> 
     </span>
    </p>
   </div>
   <div class='ocr_carea' id='block_1_14' title="bbox 1359 469 2431 3575">
    <p class='ocr_par' dir='ltr' id='par_1_17' title="bbox 1371 469 2430 544">
     <span class='ocr_line' id='line_1_78' title="bbox 1372 469 2430 511; baseline 0.002 -13"><span class='ocrx_word' id='word_1_627' title='bbox 1372 478 1460 499; x_wconf 89' lang='lat' dir='ltr'>nam:</span> <span class='ocrx_word' id='word_1_628' title='bbox 1485 469 1638 509; x_wconf 89' lang='lat' dir='ltr'>quoniam</span> <span class='ocrx_word' id='word_1_629' title='bbox 1661 470 1862 510; x_wconf 91' lang='lat' dir='ltr'>possidemus</span> <span class='ocrx_word' id='word_1_630' title='bbox 1885 480 1992 500; x_wconf 89' lang='lat' dir='ltr'>servos</span> <span class='ocrx_word' id='word_1_631' title='bbox 2015 470 2096 501; x_wconf 89' lang='lat' dir='ltr'>sicut</span> <span class='ocrx_word' id='word_1_632' title='bbox 2118 480 2220 511; x_wconf 81' lang='lat' dir='ltr'>agros,</span> <span class='ocrx_word' id='word_1_633' title='bbox 2244 480 2310 500; x_wconf 90' lang='lat' dir='ltr'>non</span> <span class='ocrx_word' id='word_1_634' title='bbox 2324 477 2430 501; x_wconf 89' lang='lat' dir='ltr'>autem</span> 
     </span>
     <span class='ocr_line' id='line_1_79' title="bbox 1371 511 1672 544; baseline 0.01 -3"><span class='ocrx_word' id='word_1_635' title='bbox 1371 511 1448 542; x_wconf 84' lang='lat' dir='ltr'>filias</span> <span class='ocrx_word' id='word_1_636' title='bbox 1471 519 1526 543; x_wconf 89' lang='lat' dir='ltr'>aut</span> <span class='ocrx_word' id='word_1_637' title='bbox 1549 523 1672 544; x_wconf 83' lang='lat' dir='ltr'>uxores.</span> 
     </span>
    </p>

    <p class='ocr_par' dir='ltr' id='par_1_18' title="bbox 1367 556 2431 891">
     <span class='ocr_line' id='line_1_80' title="bbox 1423 556 2430 597; baseline 0.002 -11"><span class='ocrx_word' id='word_1_638' title='bbox 1423 556 1508 586; x_wconf 88' lang='lat' dir='ltr'>Nota</span> <span class='ocrx_word' id='word_1_639' title='bbox 1531 557 1680 592; x_wconf 89' lang='lat' dir='ltr'>secundo,</span> <span class='ocrx_word' id='word_1_640' title='bbox 1704 558 1793 597; x_wconf 92' lang='lat' dir='ltr'>quod</span> <span class='ocrx_word' id='word_1_641' title='bbox 1815 557 1952 597; x_wconf 89' lang='lat' dir='ltr'>accipere</span> <span class='ocrx_word' id='word_1_642' title='bbox 1971 557 2070 588; x_wconf 88' lang='lat' dir='ltr'>filiam</span> <span class='ocrx_word' id='word_1_643' title='bbox 2085 558 2134 588; x_wconf 91' lang='lat' dir='ltr'>vel</span> <span class='ocrx_word' id='word_1_644' title='bbox 2150 567 2282 588; x_wconf 85' lang='lat' dir='ltr'>uxorem</span> <span class='ocrx_word' id='word_1_645' title='bbox 2297 557 2430 588; x_wconf 84' lang='lat' dir='ltr'>alienam</span> 
     </span>
     <span class='ocr_line' id='line_1_81' title="bbox 1368 599 2430 642; baseline 0.004 -14"><span class='ocrx_word' id='word_1_646' title='bbox 1368 599 1401 628; x_wconf 89' lang='lat' dir='ltr'>in</span> <span class='ocrx_word' id='word_1_647' title='bbox 1415 609 1538 629; x_wconf 90' lang='lat' dir='ltr'>servam</span> <span class='ocrx_word' id='word_1_648' title='bbox 1554 610 1620 630; x_wconf 91' lang='lat' dir='ltr'>non</span> <span class='ocrx_word' id='word_1_649' title='bbox 1635 601 1770 639; x_wconf 89' lang='lat' dir='ltr'>pertinet</span> <span class='ocrx_word' id='word_1_650' title='bbox 1784 601 1824 630; x_wconf 89' lang='lat' dir='ltr'>ad</span> <span class='ocrx_word' id='word_1_651' title='bbox 1840 600 1970 637; x_wconf 90' lang='lat' dir='ltr'>furtum,</span> <span class='ocrx_word' id='word_1_652' title='bbox 1986 601 2040 631; x_wconf 91' lang='lat' dir='ltr'>sed</span> <span class='ocrx_word' id='word_1_653' title='bbox 2055 602 2095 631; x_wconf 90' lang='lat' dir='ltr'>ad</span> <span class='ocrx_word' id='word_1_654' title='bbox 2110 601 2333 642; x_wconf 86' lang='lat' dir='ltr'>captivitatem,</span> <span class='ocrx_word' id='word_1_655' title='bbox 2349 611 2430 642; x_wconf 87' lang='lat' dir='ltr'>quae</span> 
     </span>
     <span class='ocr_line' id='line_1_82' title="bbox 1368 642 2431 686; baseline 0.004 -14"><span class='ocrx_word' id='word_1_656' title='bbox 1368 643 1427 672; x_wconf 91' lang='lat' dir='ltr'>sub</span> <span class='ocrx_word' id='word_1_657' title='bbox 1450 642 1701 673; x_wconf 87' lang='lat' dir='ltr'>incarcerationis</span> <span class='ocrx_word' id='word_1_658' title='bbox 1722 645 1800 675; x_wconf 89' lang='lat' dir='ltr'>vitio</span> <span class='ocrx_word' id='word_1_659' title='bbox 1824 645 1969 684; x_wconf 87' lang='lat' dir='ltr'>superius</span> <span class='ocrx_word' id='word_1_660' title='bbox 1983 645 2001 664; x_wconf 86' lang='grc'><em>*</em></span> <span class='ocrx_word' id='word_1_661' title='bbox 2023 645 2129 685; x_wconf 80' lang='lat' dir='ltr'>posito</span> <span class='ocrx_word' id='word_1_662' title='bbox 2152 646 2232 676; x_wconf 87' lang='lat' dir='ltr'>inter</span> <span class='ocrx_word' id='word_1_663' title='bbox 2250 646 2431 686; x_wconf 84' lang='lat' dir='ltr'>personales</span> 
     </span>
     <span class='ocr_line' id='line_1_83' title="bbox 1368 685 2429 730; baseline 0.004 -14"><span class='ocrx_word' id='word_1_664' title='bbox 1368 685 1496 716; x_wconf 87' lang='lat' dir='ltr'>iniurias</span> <span class='ocrx_word' id='word_1_665' title='bbox 1512 687 1803 726; x_wconf 88' lang='lat' dir='ltr'>comprehenditur:</span> <span class='ocrx_word' id='word_1_666' title='bbox 1824 689 1980 728; x_wconf 89' lang='lat' dir='ltr'>quoniam</span> <span class='ocrx_word' id='word_1_667' title='bbox 1994 696 2166 730; x_wconf 89' lang='lat' dir='ltr'>utrumque</span> <span class='ocrx_word' id='word_1_668' title='bbox 2181 689 2280 720; x_wconf 92' lang='lat' dir='ltr'>libero</span> <span class='ocrx_word' id='word_1_669' title='bbox 2298 689 2347 720; x_wconf 85' lang='lat' dir='ltr'>sui</span> <span class='ocrx_word' id='word_1_670' title='bbox 2363 699 2429 720; x_wconf 91' lang='lat' dir='ltr'>cor-</span> 
     </span>
     <span class='ocr_line' id='line_1_84' title="bbox 1368 729 2430 773; baseline 0.004 -14"><span class='ocrx_word' id='word_1_671' title='bbox 1368 729 1453 769; x_wconf 89' lang='lat' dir='ltr'>poris</span> <span class='ocrx_word' id='word_1_672' title='bbox 1470 730 1542 760; x_wconf 88' lang='lat' dir='ltr'>usui</span> <span class='ocrx_word' id='word_1_673' title='bbox 1559 731 1742 770; x_wconf 91' lang='lat' dir='ltr'>opponitur.</span> <span class='ocrx_word' id='word_1_674' title='bbox 1767 732 1807 762; x_wconf 94' lang='lat' dir='ltr'>Et</span> <span class='ocrx_word' id='word_1_675' title='bbox 1829 738 1918 762; x_wconf 89' lang='lat' dir='ltr'>tanto</span> <span class='ocrx_word' id='word_1_676' title='bbox 1941 733 2066 772; x_wconf 83' lang='lat' dir='ltr'>gravius</span> <span class='ocrx_word' id='word_1_677' title='bbox 2089 739 2135 763; x_wconf 94' lang='lat' dir='ltr'>est</span> <span class='ocrx_word' id='word_1_678' title='bbox 2158 733 2314 773; x_wconf 88' lang='lat' dir='ltr'>captivare</span> <span class='ocrx_word' id='word_1_679' title='bbox 2332 732 2430 764; x_wconf 87' lang='lat' dir='ltr'>filiam</span> 
     </span>
     <span class='ocr_line' id='line_1_85' title="bbox 1367 774 2430 816; baseline 0.005 -14"><span class='ocrx_word' id='word_1_680' title='bbox 1367 780 1422 804; x_wconf 88' lang='lat' dir='ltr'>aut</span> <span class='ocrx_word' id='word_1_681' title='bbox 1445 783 1578 804; x_wconf 86' lang='lat' dir='ltr'>uxorem</span> <span class='ocrx_word' id='word_1_682' title='bbox 1597 774 1734 811; x_wconf 84' lang='lat' dir='ltr'>alterius,</span> <span class='ocrx_word' id='word_1_683' title='bbox 1758 782 1889 815; x_wconf 87' lang='lat' dir='ltr'>quant0,</span> <span class='ocrx_word' id='word_1_684' title='bbox 1913 783 1949 806; x_wconf 92' lang='lat' dir='ltr'>ut</span> <span class='ocrx_word' id='word_1_685' title='bbox 1971 776 2167 816; x_wconf 87' lang='lat' dir='ltr'>praedictum</span> <span class='ocrx_word' id='word_1_686' title='bbox 2189 777 2232 807; x_wconf 91' lang='lat' dir='ltr'>ibi</span> <span class='ocrx_word' id='word_1_687' title='bbox 2247 777 2266 797; x_wconf 86' lang='grc'>*</span> <span class='ocrx_word' id='word_1_688' title='bbox 2288 777 2359 815; x_wconf 93' lang='lat' dir='ltr'>fuit,</span> <span class='ocrx_word' id='word_1_689' title='bbox 2381 777 2430 807; x_wconf 93' lang='lat' dir='ltr'>in-</span> 
     </span>
     <span class='ocr_line' id='line_1_86' title="bbox 1367 816 2430 861; baseline 0.005 -15"><span class='ocrx_word' id='word_1_690' title='bbox 1367 816 1464 846; x_wconf 86' lang='lat' dir='ltr'>iuriae</span> <span class='ocrx_word' id='word_1_691' title='bbox 1488 818 1668 856; x_wconf 85' lang='lat' dir='ltr'>personales</span> <span class='ocrx_word' id='word_1_692' title='bbox 1690 818 1794 849; x_wconf 88' lang='lat' dir='ltr'>illatae</span> <span class='ocrx_word' id='word_1_693' title='bbox 1817 820 1960 859; x_wconf 89' lang='lat' dir='ltr'>personis</span> <span class='ocrx_word' id='word_1_694' title='bbox 1983 820 2051 850; x_wconf 90' lang='lat' dir='ltr'>aliis</span> <span class='ocrx_word' id='word_1_695' title='bbox 2074 820 2249 851; x_wconf 88' lang='lat' dir='ltr'>coniunctis</span> <span class='ocrx_word' id='word_1_696' title='bbox 2272 821 2430 861; x_wconf 84' lang='lat' dir='ltr'>graviores</span> 
     </span>
     <span class='ocr_line' id='line_1_87' title="bbox 1368 867 1452 891; baseline 0.012 -1"><span class='ocrx_word' id='word_1_697' title='bbox 1368 867 1452 891; x_wconf 89' lang='lat' dir='ltr'>sunt.</span> 
     </span>
    </p>

    <p class='ocr_par' dir='ltr' id='par_1_19' title="bbox 1364 904 2429 1472">
     <span class='ocr_line' id='line_1_88' title="bbox 1421 904 2429 948; baseline 0.005 -15"><span class='ocrx_word' id='word_1_698' title='bbox 1421 904 1557 935; x_wconf 90' lang='lat' dir='ltr'>Adverte</span> <span class='ocrx_word' id='word_1_699' title='bbox 1580 905 1682 941; x_wconf 90' lang='lat' dir='ltr'>tertio,</span> <span class='ocrx_word' id='word_1_700' title='bbox 1707 906 1795 945; x_wconf 92' lang='lat' dir='ltr'>quod</span> <span class='ocrx_word' id='word_1_701' title='bbox 1819 906 1942 937; x_wconf 90' lang='lat' dir='ltr'>occulte</span> <span class='ocrx_word' id='word_1_702' title='bbox 1965 907 2106 946; x_wconf 88' lang='lat' dir='ltr'>accipere</span> <span class='ocrx_word' id='word_1_703' title='bbox 2129 908 2254 937; x_wconf 88' lang='lat' dir='ltr'>easdem</span> <span class='ocrx_word' id='word_1_704' title='bbox 2277 918 2429 948; x_wconf 87' lang='lat' dir='ltr'>personas</span> 
     </span>
     <span class='ocr_line' id='line_1_89' title="bbox 1367 947 2429 989; baseline 0.005 -12"><span class='ocrx_word' id='word_1_705' title='bbox 1367 957 1432 977; x_wconf 89' lang='lat' dir='ltr'>non</span> <span class='ocrx_word' id='word_1_706' title='bbox 1456 947 1648 988; x_wconf 88' lang='lat' dir='ltr'>simpliciter,</span> <span class='ocrx_word' id='word_1_707' title='bbox 1672 950 1727 979; x_wconf 90' lang='lat' dir='ltr'>sed</span> <span class='ocrx_word' id='word_1_708' title='bbox 1750 950 1790 979; x_wconf 89' lang='lat' dir='ltr'>ad</span> <span class='ocrx_word' id='word_1_709' title='bbox 1813 949 1925 980; x_wconf 90' lang='lat' dir='ltr'>horam</span> <span class='ocrx_word' id='word_1_710' title='bbox 1947 959 2006 989; x_wconf 92' lang='lat' dir='ltr'>pro</span> <span class='ocrx_word' id='word_1_711' title='bbox 2026 951 2206 987; x_wconf 90' lang='lat' dir='ltr'>concubitu,</span> <span class='ocrx_word' id='word_1_712' title='bbox 2223 952 2248 981; x_wconf 88' lang='lat' dir='ltr'>si</span> <span class='ocrx_word' id='word_1_713' title='bbox 2265 952 2309 982; x_wconf 89' lang='lat' dir='ltr'>eis</span> <span class='ocrx_word' id='word_1_714' title='bbox 2324 952 2429 982; x_wconf 84' lang='lat' dir='ltr'>invitis</span> 
     </span>
     <span class='ocr_line' id='line_1_90' title="bbox 1367 989 2429 1034; baseline 0.005 -13"><span class='ocrx_word' id='word_1_715' title='bbox 1367 989 1415 1027; x_wconf 86' lang='lat' dir='ltr'>fit,</span> <span class='ocrx_word' id='word_1_716' title='bbox 1438 999 1547 1032; x_wconf 89' lang='lat' dir='ltr'>raptus</span> <span class='ocrx_word' id='word_1_717' title='bbox 1571 999 1632 1029; x_wconf 89' lang='lat' dir='ltr'>est;</span> <span class='ocrx_word' id='word_1_718' title='bbox 1657 999 1746 1023; x_wconf 87' lang='lat' dir='ltr'>tanto</span> <span class='ocrx_word' id='word_1_719' title='bbox 1769 993 1895 1032; x_wconf 88' lang='lat' dir='ltr'>gravior</span> <span class='ocrx_word' id='word_1_720' title='bbox 1924 1000 2045 1034; x_wconf 88' lang='lat' dir='ltr'>quanto</span> <span class='ocrx_word' id='word_1_721' title='bbox 2073 994 2168 1024; x_wconf 88' lang='lat' dir='ltr'>etiam</span> <span class='ocrx_word' id='word_1_722' title='bbox 2196 996 2288 1032; x_wconf 90' lang='lat' dir='ltr'>alter,</span> <span class='ocrx_word' id='word_1_723' title='bbox 2313 995 2429 1026; x_wconf 87' lang='lat' dir='ltr'>scilicet</span> 
     </span>
     <span class='ocr_line' id='line_1_91' title="bbox 1367 1035 2428 1076; baseline 0.005 -11"><span class='ocrx_word' id='word_1_724' title='bbox 1367 1035 1507 1072; x_wconf 89' lang='lat' dir='ltr'>maritus,</span> <span class='ocrx_word' id='word_1_725' title='bbox 1531 1043 1628 1076; x_wconf 89' lang='lat' dir='ltr'>pater,</span> <span class='ocrx_word' id='word_1_726' title='bbox 1653 1037 1813 1073; x_wconf 91' lang='lat' dir='ltr'>dominus,</span> <span class='ocrx_word' id='word_1_727' title='bbox 1838 1036 2016 1068; x_wconf 87' lang='lat' dir='ltr'>offenditur.</span> <span class='ocrx_word' id='word_1_728' title='bbox 2045 1037 2077 1068; x_wconf 85' lang='lat' dir='ltr'>Si</span> <span class='ocrx_word' id='word_1_729' title='bbox 2100 1045 2207 1068; x_wconf 86' lang='lat' dir='ltr'>autem</span> <span class='ocrx_word' id='word_1_730' title='bbox 2230 1039 2274 1069; x_wconf 91' lang='lat' dir='ltr'>eis</span> <span class='ocrx_word' id='word_1_731' title='bbox 2297 1049 2428 1070; x_wconf 90' lang='lat' dir='ltr'>consen-</span> 
     </span>
     <span class='ocr_line' id='line_1_92' title="bbox 1365 1078 2427 1122; baseline 0.005 -13"><span class='ocrx_word' id='word_1_732' title='bbox 1365 1078 1524 1116; x_wconf 88' lang='lat' dir='ltr'>tientibus,</span> <span class='ocrx_word' id='word_1_733' title='bbox 1549 1086 1633 1110; x_wconf 84' lang='lat' dir='ltr'>extra</span> <span class='ocrx_word' id='word_1_734' title='bbox 1656 1081 1800 1120; x_wconf 88' lang='lat' dir='ltr'>proprias</span> <span class='ocrx_word' id='word_1_735' title='bbox 1821 1081 1962 1111; x_wconf 87' lang='lat' dir='ltr'>luxuriae</span> <span class='ocrx_word' id='word_1_736' title='bbox 1981 1081 2110 1121; x_wconf 89' lang='lat' dir='ltr'>species,</span> <span class='ocrx_word' id='word_1_737' title='bbox 2135 1089 2212 1122; x_wconf 89' lang='lat' dir='ltr'>puta</span> <span class='ocrx_word' id='word_1_738' title='bbox 2227 1083 2427 1118; x_wconf 87' lang='lat' dir='ltr'>adulterium,</span> 
     </span>
     <span class='ocr_line' id='line_1_93' title="bbox 1365 1124 2427 1165; baseline 0.004 -12"><span class='ocrx_word' id='word_1_739' title='bbox 1365 1129 1512 1163; x_wconf 87' lang='lat' dir='ltr'>stuprum</span> <span class='ocrx_word' id='word_1_740' title='bbox 1535 1131 1590 1155; x_wconf 86' lang='lat' dir='ltr'>aut</span> <span class='ocrx_word' id='word_1_741' title='bbox 1609 1124 1787 1165; x_wconf 83' lang='lat' dir='ltr'>simplicem</span> <span class='ocrx_word' id='word_1_742' title='bbox 1809 1124 2061 1161; x_wconf 83' lang='lat' dir='ltr'>fornicationem,</span> <span class='ocrx_word' id='word_1_743' title='bbox 2077 1135 2144 1155; x_wconf 90' lang='lat' dir='ltr'>non</span> <span class='ocrx_word' id='word_1_744' title='bbox 2158 1126 2251 1156; x_wconf 85' lang='lat' dir='ltr'>video</span> <span class='ocrx_word' id='word_1_745' title='bbox 2266 1127 2359 1157; x_wconf 88' lang='lat' dir='ltr'>aliam</span> <span class='ocrx_word' id='word_1_746' title='bbox 2376 1128 2427 1158; x_wconf 89' lang='lat' dir='ltr'>de-</span> 
     </span>
     <span class='ocr_line' id='line_1_94' title="bbox 1365 1166 2428 1208; baseline 0.005 -11"><span class='ocrx_word' id='word_1_747' title='bbox 1365 1166 1574 1203; x_wconf 86' lang='lat' dir='ltr'>formitatem,</span> <span class='ocrx_word' id='word_1_748' title='bbox 1599 1168 1626 1198; x_wconf 93' lang='lat' dir='ltr'>si</span> <span class='ocrx_word' id='word_1_749' title='bbox 1649 1178 1715 1199; x_wconf 91' lang='lat' dir='ltr'>non</span> <span class='ocrx_word' id='word_1_750' title='bbox 1737 1169 1910 1208; x_wconf 89' lang='lat' dir='ltr'>impeditur</span> <span class='ocrx_word' id='word_1_751' title='bbox 1938 1175 2068 1208; x_wconf 92' lang='lat' dir='ltr'>propter</span> <span class='ocrx_word' id='word_1_752' title='bbox 2094 1169 2155 1200; x_wconf 91' lang='lat' dir='ltr'>hoc</span> <span class='ocrx_word' id='word_1_753' title='bbox 2182 1180 2199 1199; x_wconf 88' lang='lat' dir='ltr'>a</span> <span class='ocrx_word' id='word_1_754' title='bbox 2222 1171 2348 1202; x_wconf 87' lang='lat' dir='ltr'>servitio</span> <span class='ocrx_word' id='word_1_755' title='bbox 2372 1172 2428 1202; x_wconf 91' lang='lat' dir='ltr'>do-</span> 
     </span>
     <span class='ocr_line' id='line_1_95' title="bbox 1365 1211 2428 1255; baseline 0.004 -14"><span class='ocrx_word' id='word_1_756' title='bbox 1365 1211 1461 1241; x_wconf 88' lang='lat' dir='ltr'>mini:</span> <span class='ocrx_word' id='word_1_757' title='bbox 1487 1222 1562 1242; x_wconf 89' lang='lat' dir='ltr'>cum</span> <span class='ocrx_word' id='word_1_758' title='bbox 1577 1221 1675 1249; x_wconf 86' lang='lat' dir='ltr'>serva,</span> <span class='ocrx_word' id='word_1_759' title='bbox 1690 1219 1726 1243; x_wconf 89' lang='lat' dir='ltr'>ut</span> <span class='ocrx_word' id='word_1_760' title='bbox 1741 1213 1794 1249; x_wconf 87' lang='lat' dir='ltr'>sic,</span> <span class='ocrx_word' id='word_1_761' title='bbox 1811 1223 1878 1243; x_wconf 89' lang='lat' dir='ltr'>non</span> <span class='ocrx_word' id='word_1_762' title='bbox 1894 1213 1934 1243; x_wconf 89' lang='lat' dir='ltr'>sit</span> <span class='ocrx_word' id='word_1_763' title='bbox 1947 1213 2005 1242; x_wconf 91' lang='lat' dir='ltr'>sub</span> <span class='ocrx_word' id='word_1_764' title='bbox 2021 1212 2144 1243; x_wconf 89' lang='lat' dir='ltr'>domini</span> <span class='ocrx_word' id='word_1_765' title='bbox 2160 1214 2303 1244; x_wconf 88' lang='lat' dir='ltr'>custodia</span> <span class='ocrx_word' id='word_1_766' title='bbox 2321 1216 2428 1255; x_wconf 88' lang='lat' dir='ltr'>quoad</span> 
     </span>
     <span class='ocr_line' id='line_1_96' title="bbox 1365 1255 2428 1297; baseline 0.003 -11"><span class='ocrx_word' id='word_1_767' title='bbox 1365 1255 1582 1292; x_wconf 89' lang='lat' dir='ltr'>concubitum,</span> <span class='ocrx_word' id='word_1_768' title='bbox 1605 1256 1687 1287; x_wconf 89' lang='lat' dir='ltr'>sicut</span> <span class='ocrx_word' id='word_1_769' title='bbox 1708 1256 1772 1286; x_wconf 89' lang='lat' dir='ltr'>filia</span> <span class='ocrx_word' id='word_1_770' title='bbox 1795 1257 1854 1287; x_wconf 92' lang='lat' dir='ltr'>sub</span> <span class='ocrx_word' id='word_1_771' title='bbox 1877 1263 1964 1297; x_wconf 88' lang='lat' dir='ltr'>patre</span> <span class='ocrx_word' id='word_1_772' title='bbox 1988 1263 2046 1293; x_wconf 88' lang='lat' dir='ltr'>est;</span> <span class='ocrx_word' id='word_1_773' title='bbox 2072 1266 2129 1287; x_wconf 91' lang='lat' dir='ltr'>nec</span> <span class='ocrx_word' id='word_1_774' title='bbox 2145 1267 2221 1287; x_wconf 93' lang='lat' dir='ltr'>usus</span> <span class='ocrx_word' id='word_1_775' title='bbox 2237 1258 2307 1288; x_wconf 90' lang='lat' dir='ltr'>talis</span> <span class='ocrx_word' id='word_1_776' title='bbox 2322 1269 2428 1289; x_wconf 83' lang='lat' dir='ltr'>servae</span> 
     </span>
     <span class='ocr_line' id='line_1_97' title="bbox 1364 1299 2428 1340; baseline 0.003 -10"><span class='ocrx_word' id='word_1_777' title='bbox 1364 1299 1404 1330; x_wconf 88' lang='lat' dir='ltr'>sit</span> <span class='ocrx_word' id='word_1_778' title='bbox 1426 1300 1566 1336; x_wconf 91' lang='lat' dir='ltr'>domini,</span> <span class='ocrx_word' id='word_1_779' title='bbox 1590 1310 1657 1330; x_wconf 92' lang='lat' dir='ltr'>non</span> <span class='ocrx_word' id='word_1_780' title='bbox 1681 1300 1899 1340; x_wconf 45' lang='lat' dir='ltr'>enim-potest</span> <span class='ocrx_word' id='word_1_781' title='bbox 1919 1300 1987 1340; x_wconf 89' lang='lat' dir='ltr'>ipse</span> <span class='ocrx_word' id='word_1_782' title='bbox 2011 1310 2047 1331; x_wconf 90' lang='lat' dir='ltr'>ea</span> <span class='ocrx_word' id='word_1_783' title='bbox 2070 1301 2116 1331; x_wconf 91' lang='lat' dir='ltr'>uti</span> <span class='ocrx_word' id='word_1_784' title='bbox 2140 1302 2179 1331; x_wconf 89' lang='lat' dir='ltr'>ad</span> <span class='ocrx_word' id='word_1_785' title='bbox 2201 1311 2349 1339; x_wconf 88' lang='lat' dir='ltr'>venerea,</span> <span class='ocrx_word' id='word_1_786' title='bbox 2373 1304 2428 1333; x_wconf 88' lang='lat' dir='ltr'>sed</span> 
     </span>
     <span class='ocr_line' id='line_1_98' title="bbox 1364 1343 2427 1385; baseline 0.003 -11"><span class='ocrx_word' id='word_1_787' title='bbox 1364 1344 1403 1374; x_wconf 90' lang='lat' dir='ltr'>ad</span> <span class='ocrx_word' id='word_1_788' title='bbox 1418 1344 1479 1374; x_wconf 87' lang='lat' dir='ltr'>alia</span> <span class='ocrx_word' id='word_1_789' title='bbox 1494 1343 1628 1375; x_wconf 84' lang='lat' dir='ltr'>servitia.</span> <span class='ocrx_word' id='word_1_790' title='bbox 1651 1344 1692 1375; x_wconf 91' lang='lat' dir='ltr'>Et</span> <span class='ocrx_word' id='word_1_791' title='bbox 1715 1351 1882 1384; x_wconf 90' lang='lat' dir='ltr'>propterea</span> <span class='ocrx_word' id='word_1_792' title='bbox 1906 1344 2020 1374; x_wconf 91' lang='lat' dir='ltr'>dicitur</span> <span class='ocrx_word' id='word_1_793' title='bbox 2041 1345 2130 1385; x_wconf 93' lang='lat' dir='ltr'>quod</span> <span class='ocrx_word' id='word_1_794' title='bbox 2151 1346 2290 1385; x_wconf 87' lang='lat' dir='ltr'>accipere</span> <span class='ocrx_word' id='word_1_795' title='bbox 2307 1357 2427 1377; x_wconf 88' lang='lat' dir='ltr'>servam</span> 
     </span>
     <span class='ocr_line' id='line_1_99' title="bbox 1364 1388 2428 1428; baseline 0.003 -10"><span class='ocrx_word' id='word_1_796' title='bbox 1364 1388 1499 1418; x_wconf 89' lang='lat' dir='ltr'>alienam</span> <span class='ocrx_word' id='word_1_797' title='bbox 1527 1394 1657 1428; x_wconf 92' lang='lat' dir='ltr'>propter</span> <span class='ocrx_word' id='word_1_798' title='bbox 1679 1389 1800 1419; x_wconf 89' lang='lat' dir='ltr'>coitum</span> <span class='ocrx_word' id='word_1_799' title='bbox 1829 1398 1896 1419; x_wconf 89' lang='lat' dir='ltr'>non</span> <span class='ocrx_word' id='word_1_800' title='bbox 1919 1394 1965 1419; x_wconf 91' lang='lat' dir='ltr'>est</span> <span class='ocrx_word' id='word_1_801' title='bbox 1987 1388 2124 1418; x_wconf 88' lang='lat' dir='ltr'>furtum:</span> <span class='ocrx_word' id='word_1_802' title='bbox 2157 1389 2237 1420; x_wconf 90' lang='lat' dir='ltr'>sicut</span> <span class='ocrx_word' id='word_1_803' title='bbox 2263 1400 2320 1421; x_wconf 91' lang='lat' dir='ltr'>nec</span> <span class='ocrx_word' id='word_1_804' title='bbox 2344 1391 2428 1421; x_wconf 88' lang='lat' dir='ltr'>coire</span> 
     </span>
     <span class='ocr_line' id='line_1_100' title="bbox 1364 1431 2079 1472; baseline 0.001 -11"><span class='ocrx_word' id='word_1_805' title='bbox 1364 1442 1439 1462; x_wconf 89' lang='lat' dir='ltr'>cum</span> <span class='ocrx_word' id='word_1_806' title='bbox 1461 1432 1516 1462; x_wconf 92' lang='lat' dir='ltr'>illa</span> <span class='ocrx_word' id='word_1_807' title='bbox 1538 1432 1571 1461; x_wconf 88' lang='lat' dir='ltr'>in</span> <span class='ocrx_word' id='word_1_808' title='bbox 1595 1433 1694 1462; x_wconf 88' lang='lat' dir='ltr'>domo</span> <span class='ocrx_word' id='word_1_809' title='bbox 1717 1432 1850 1468; x_wconf 90' lang='lat' dir='ltr'>domini,</span> <span class='ocrx_word' id='word_1_810' title='bbox 1874 1433 1946 1472; x_wconf 89' lang='lat' dir='ltr'>ipso</span> <span class='ocrx_word' id='word_1_811' title='bbox 1968 1431 2079 1463; x_wconf 81' lang='lat' dir='ltr'>invito.</span> 
     </span>
    </p>

    <p class='ocr_par' dir='ltr' id='par_1_20' title="bbox 1362 1475 2428 2215">
     <span class='ocr_line' id='line_1_101' title="bbox 1419 1475 2426 1515; baseline 0.003 -10"><span class='ocrx_word' id='word_1_812' title='bbox 1419 1475 1470 1506; x_wconf 91' lang='lat'>111.</span> <span class='ocrx_word' id='word_1_813' title='bbox 1495 1476 1531 1505; x_wconf 90' lang='lat' dir='ltr'>In</span> <span class='ocrx_word' id='word_1_814' title='bbox 1554 1476 1669 1506; x_wconf 91' lang='lat' dir='ltr'>eodem</span> <span class='ocrx_word' id='word_1_815' title='bbox 1683 1476 1827 1511; x_wconf 86' lang='lat' dir='ltr'>articulo,</span> <span class='ocrx_word' id='word_1_816' title='bbox 1842 1476 1875 1506; x_wconf 90' lang='lat' dir='ltr'>in</span> <span class='ocrx_word' id='word_1_817' title='bbox 1890 1476 2098 1515; x_wconf 88' lang='lat' dir='ltr'>responsione</span> <span class='ocrx_word' id='word_1_818' title='bbox 2114 1477 2153 1506; x_wconf 90' lang='lat' dir='ltr'>ad</span> <span class='ocrx_word' id='word_1_819' title='bbox 2167 1478 2354 1513; x_wconf 86' lang='lat' dir='ltr'>secundum,</span> <span class='ocrx_word' id='word_1_820' title='bbox 2372 1478 2426 1508; x_wconf 89' lang='lat' dir='ltr'>ubi</span> 
     </span>
     <span class='ocr_line' id='line_1_102' title="bbox 1364 1518 2426 1560; baseline 0.003 -11"><span class='ocrx_word' id='word_1_821' title='bbox 1364 1518 1477 1549; x_wconf 90' lang='lat' dir='ltr'>dicitur</span> <span class='ocrx_word' id='word_1_822' title='bbox 1499 1519 1588 1560; x_wconf 91' lang='lat' dir='ltr'>quod</span> <span class='ocrx_word' id='word_1_823' title='bbox 1611 1519 1728 1550; x_wconf 89' lang='lat' dir='ltr'>iniusta</span> <span class='ocrx_word' id='word_1_824' title='bbox 1750 1520 1890 1550; x_wconf 88' lang='lat' dir='ltr'>detentio</span> <span class='ocrx_word' id='word_1_825' title='bbox 1917 1520 2011 1550; x_wconf 93' lang='lat' dir='ltr'>habet</span> <span class='ocrx_word' id='word_1_826' title='bbox 2034 1519 2167 1550; x_wconf 88' lang='lat' dir='ltr'>eandem</span> <span class='ocrx_word' id='word_1_827' title='bbox 2190 1521 2345 1551; x_wconf 90' lang='lat' dir='ltr'>rationem</span> <span class='ocrx_word' id='word_1_828' title='bbox 2367 1531 2426 1552; x_wconf 88' lang='lat' dir='ltr'>no-</span> 
     </span>
     <span class='ocr_line' id='line_1_103' title="bbox 1364 1563 2427 1605; baseline 0.004 -13"><span class='ocrx_word' id='word_1_829' title='bbox 1364 1563 1504 1593; x_wconf 89' lang='lat' dir='ltr'>cumenti</span> <span class='ocrx_word' id='word_1_830' title='bbox 1528 1573 1602 1593; x_wconf 88' lang='lat' dir='ltr'>cum</span> <span class='ocrx_word' id='word_1_831' title='bbox 1616 1563 1732 1594; x_wconf 87' lang='lat' dir='ltr'>iniusta</span> <span class='ocrx_word' id='word_1_832' title='bbox 1747 1564 1942 1603; x_wconf 86' lang='lat' dir='ltr'>acceptione;</span> <span class='ocrx_word' id='word_1_833' title='bbox 1968 1563 2043 1603; x_wconf 87' lang='lat' dir='ltr'>quia</span> <span class='ocrx_word' id='word_1_834' title='bbox 2058 1564 2131 1594; x_wconf 88' lang='lat' dir='ltr'>hinc</span> <span class='ocrx_word' id='word_1_835' title='bbox 2146 1564 2242 1595; x_wconf 89' lang='lat' dir='ltr'>habes</span> <span class='ocrx_word' id='word_1_836' title='bbox 2257 1566 2345 1605; x_wconf 91' lang='lat' dir='ltr'>quod</span> <span class='ocrx_word' id='word_1_837' title='bbox 2360 1575 2427 1596; x_wconf 91' lang='lat' dir='ltr'>non</span> 
     </span>
     <span class='ocr_line' id='line_1_104' title="bbox 1363 1607 2427 1647; baseline 0.004 -11"><span class='ocrx_word' id='word_1_838' title='bbox 1363 1607 1471 1637; x_wconf 90' lang='lat' dir='ltr'>solum</span> <span class='ocrx_word' id='word_1_839' title='bbox 1493 1607 1617 1637; x_wconf 90' lang='lat' dir='ltr'>occulte</span> <span class='ocrx_word' id='word_1_840' title='bbox 1636 1607 1831 1647; x_wconf 90' lang='lat' dir='ltr'>accipiendo,</span> <span class='ocrx_word' id='word_1_841' title='bbox 1849 1607 1903 1637; x_wconf 91' lang='lat' dir='ltr'>sed</span> <span class='ocrx_word' id='word_1_842' title='bbox 1919 1607 2013 1637; x_wconf 90' lang='lat' dir='ltr'>etiam</span> <span class='ocrx_word' id='word_1_843' title='bbox 2029 1608 2152 1638; x_wconf 88' lang='lat' dir='ltr'>occulte</span> <span class='ocrx_word' id='word_1_844' title='bbox 2169 1608 2338 1639; x_wconf 88' lang='lat' dir='ltr'>detinendo</span> <span class='ocrx_word' id='word_1_845' title='bbox 2354 1610 2427 1640; x_wconf 92' lang='lat' dir='ltr'>alie-</span> 
     </span>
     <span class='ocr_line' id='line_1_105' title="bbox 1364 1650 2428 1687; baseline 0.004 -7"><span class='ocrx_word' id='word_1_846' title='bbox 1364 1660 1438 1680; x_wconf 89' lang='lat' dir='ltr'>nam</span> <span class='ocrx_word' id='word_1_847' title='bbox 1453 1660 1520 1681; x_wconf 87' lang='lat' dir='ltr'>rem</span> <span class='ocrx_word' id='word_1_848' title='bbox 1538 1650 1708 1681; x_wconf 87' lang='lat' dir='ltr'>incurritur</span> <span class='ocrx_word' id='word_1_849' title='bbox 1726 1651 1864 1687; x_wconf 87' lang='lat' dir='ltr'>furtum;</span> <span class='ocrx_word' id='word_1_850' title='bbox 1887 1651 2020 1681; x_wconf 89' lang='lat' dir='ltr'>dubium</span> <span class='ocrx_word' id='word_1_851' title='bbox 2036 1651 2171 1681; x_wconf 88' lang='lat' dir='ltr'>occurrit</span> <span class='ocrx_word' id='word_1_852' title='bbox 2187 1662 2226 1682; x_wconf 87' lang='lat' dir='ltr'>an</span> <span class='ocrx_word' id='word_1_853' title='bbox 2242 1652 2428 1684; x_wconf 90' lang='lat' dir='ltr'>huiusmodi</span> 
     </span>
     <span class='ocr_line' id='line_1_106' title="bbox 1363 1695 2428 1736; baseline 0.004 -12"><span class='ocrx_word' id='word_1_854' title='bbox 1363 1695 1506 1726; x_wconf 88' lang='lat' dir='ltr'>detinens</span> <span class='ocrx_word' id='word_1_855' title='bbox 1529 1695 1682 1725; x_wconf 89' lang='lat' dir='ltr'>continue</span> <span class='ocrx_word' id='word_1_856' title='bbox 1711 1701 1834 1734; x_wconf 87' lang='lat' dir='ltr'>peccet,</span> <span class='ocrx_word' id='word_1_857' title='bbox 1860 1705 1899 1724; x_wconf 89' lang='lat' dir='ltr'>an</span> <span class='ocrx_word' id='word_1_858' title='bbox 1923 1695 2127 1735; x_wconf 87' lang='lat' dir='ltr'>quandoque,</span> <span class='ocrx_word' id='word_1_859' title='bbox 2153 1702 2183 1726; x_wconf 92' lang='lat' dir='ltr'>et</span> <span class='ocrx_word' id='word_1_860' title='bbox 2205 1697 2353 1736; x_wconf 90' lang='lat' dir='ltr'>quando,</span> <span class='ocrx_word' id='word_1_861' title='bbox 2370 1704 2428 1728; x_wconf 89' lang='lat' dir='ltr'>etc.</span> 
     </span>
     <span class='ocr_line' id='line_1_107' title="bbox 1363 1738 2428 1780; baseline 0.003 -12"><span class='ocrx_word' id='word_1_862' title='bbox 1363 1739 1403 1769; x_wconf 87' lang='lat' dir='ltr'>Et</span> <span class='ocrx_word' id='word_1_863' title='bbox 1426 1745 1472 1769; x_wconf 89' lang='lat' dir='ltr'>est</span> <span class='ocrx_word' id='word_1_864' title='bbox 1493 1738 1574 1768; x_wconf 88' lang='lat' dir='ltr'>ratio</span> <span class='ocrx_word' id='word_1_865' title='bbox 1593 1739 1681 1768; x_wconf 92' lang='lat' dir='ltr'>dubii</span> <span class='ocrx_word' id='word_1_866' title='bbox 1703 1739 1779 1779; x_wconf 85' lang='lat' dir='ltr'>quia</span> <span class='ocrx_word' id='word_1_867' title='bbox 1798 1738 1938 1769; x_wconf 88' lang='lat' dir='ltr'>detentio</span> <span class='ocrx_word' id='word_1_868' title='bbox 1954 1739 2162 1769; x_wconf 85' lang='lat' dir='ltr'>contrariatur</span> <span class='ocrx_word' id='word_1_869' title='bbox 2184 1748 2352 1780; x_wconf 89' lang='lat' dir='ltr'>praecepto</span> <span class='ocrx_word' id='word_1_870' title='bbox 2374 1751 2428 1771; x_wconf 90' lang='lat' dir='ltr'>ne-</span> 
     </span>
     <span class='ocr_line' id='line_1_108' title="bbox 1363 1782 2428 1825; baseline 0.003 -13"><span class='ocrx_word' id='word_1_871' title='bbox 1363 1782 1483 1822; x_wconf 87' lang='lat' dir='ltr'>gativo,</span> <span class='ocrx_word' id='word_1_872' title='bbox 1508 1782 1590 1812; x_wconf 90' lang='lat' dir='ltr'>sicut</span> <span class='ocrx_word' id='word_1_873' title='bbox 1611 1783 1752 1822; x_wconf 91' lang='lat' dir='ltr'>acceptio</span> <span class='ocrx_word' id='word_1_874' title='bbox 1776 1789 1807 1813; x_wconf 92' lang='lat' dir='ltr'>et</span> <span class='ocrx_word' id='word_1_875' title='bbox 1830 1782 2048 1822; x_wconf 89' lang='lat' dir='ltr'>consumptio:</span> <span class='ocrx_word' id='word_1_876' title='bbox 2076 1783 2267 1823; x_wconf 89' lang='lat' dir='ltr'>praecipitur</span> <span class='ocrx_word' id='word_1_877' title='bbox 2289 1794 2428 1825; x_wconf 91' lang='lat' dir='ltr'>namque</span> 
     </span>
     <span class='ocr_line' id='line_1_109' title="bbox 1363 1826 2428 1868; baseline 0.002 -11"><span class='ocrx_word' id='word_1_878' title='bbox 1363 1827 1452 1868; x_wconf 93' lang='lat' dir='ltr'>quod</span> <span class='ocrx_word' id='word_1_879' title='bbox 1475 1836 1541 1856; x_wconf 92' lang='lat' dir='ltr'>non</span> <span class='ocrx_word' id='word_1_880' title='bbox 1564 1826 1766 1866; x_wconf 87' lang='lat' dir='ltr'>accipiamus,</span> <span class='ocrx_word' id='word_1_881' title='bbox 1790 1836 1856 1856; x_wconf 89' lang='lat' dir='ltr'>non</span> <span class='ocrx_word' id='word_1_882' title='bbox 1879 1836 2117 1863; x_wconf 86' lang='lat' dir='ltr'>consumamus,</span> <span class='ocrx_word' id='word_1_883' title='bbox 2141 1837 2207 1857; x_wconf 91' lang='lat' dir='ltr'>non</span> <span class='ocrx_word' id='word_1_884' title='bbox 2231 1828 2428 1859; x_wconf 88' lang='lat' dir='ltr'>detineamus</span> 
     </span>
     <span class='ocr_line' id='line_1_110' title="bbox 1364 1870 2427 1912; baseline 0.002 -11"><span class='ocrx_word' id='word_1_885' title='bbox 1364 1871 1486 1901; x_wconf 85' lang='lat' dir='ltr'>occulte</span> <span class='ocrx_word' id='word_1_886' title='bbox 1509 1880 1577 1900; x_wconf 91' lang='lat' dir='ltr'>rem</span> <span class='ocrx_word' id='word_1_887' title='bbox 1600 1870 1745 1901; x_wconf 85' lang='lat' dir='ltr'>alienam.</span> <span class='ocrx_word' id='word_1_888' title='bbox 1769 1870 1904 1901; x_wconf 85' lang='lat' dir='ltr'>Constat</span> <span class='ocrx_word' id='word_1_889' title='bbox 1922 1877 2029 1901; x_wconf 84' lang='lat' dir='ltr'>autem</span> <span class='ocrx_word' id='word_1_890' title='bbox 2048 1871 2137 1911; x_wconf 93' lang='lat' dir='ltr'>quod</span> <span class='ocrx_word' id='word_1_891' title='bbox 2155 1879 2320 1912; x_wconf 86' lang='lat' dir='ltr'>praecepta</span> <span class='ocrx_word' id='word_1_892' title='bbox 2335 1882 2427 1912; x_wconf 87' lang='lat' dir='ltr'>nega-</span> 
     </span>
     <span class='ocr_line' id='line_1_111' title="bbox 1363 1914 2426 1956; baseline 0.002 -11"><span class='ocrx_word' id='word_1_893' title='bbox 1363 1915 1425 1946; x_wconf 90' lang='lat' dir='ltr'>tiva</span> <span class='ocrx_word' id='word_1_894' title='bbox 1447 1914 1607 1944; x_wconf 86' lang='lat' dir='ltr'>violantur</span> <span class='ocrx_word' id='word_1_895' title='bbox 1629 1914 1837 1945; x_wconf 87' lang='lat' dir='ltr'>affirmatione</span> <span class='ocrx_word' id='word_1_896' title='bbox 1859 1914 2019 1954; x_wconf 89' lang='lat' dir='ltr'>prohibita</span> <span class='ocrx_word' id='word_1_897' title='bbox 2041 1924 2166 1955; x_wconf 88' lang='lat' dir='ltr'>semper</span> <span class='ocrx_word' id='word_1_898' title='bbox 2182 1922 2212 1946; x_wconf 91' lang='lat' dir='ltr'>et</span> <span class='ocrx_word' id='word_1_899' title='bbox 2233 1917 2272 1946; x_wconf 92' lang='lat' dir='ltr'>ad</span> <span class='ocrx_word' id='word_1_900' title='bbox 2288 1926 2426 1956; x_wconf 89' lang='lat' dir='ltr'>semper:</span> 
     </span>
     <span class='ocr_line' id='line_1_112' title="bbox 1364 1958 2428 1999; baseline 0.002 -10"><span class='ocrx_word' id='word_1_901' title='bbox 1364 1959 1444 1989; x_wconf 91' lang='lat' dir='ltr'>sicut</span> <span class='ocrx_word' id='word_1_902' title='bbox 1466 1958 1623 1998; x_wconf 86' lang='lat' dir='ltr'>accipiens</span> <span class='ocrx_word' id='word_1_903' title='bbox 1642 1967 1767 1998; x_wconf 89' lang='lat' dir='ltr'>semper</span> <span class='ocrx_word' id='word_1_904' title='bbox 1781 1958 1944 1989; x_wconf 83' lang='lat' dir='ltr'>actualiter</span> <span class='ocrx_word' id='word_1_905' title='bbox 1966 1965 2084 1999; x_wconf 87' lang='lat' dir='ltr'>peccat,</span> <span class='ocrx_word' id='word_1_906' title='bbox 2108 1959 2151 1989; x_wconf 87' lang='lat' dir='ltr'>ita</span> <span class='ocrx_word' id='word_1_907' title='bbox 2174 1965 2205 1990; x_wconf 88' lang='lat' dir='ltr'>et</span> <span class='ocrx_word' id='word_1_908' title='bbox 2227 1960 2380 1996; x_wconf 85' lang='lat' dir='ltr'>detinens,</span> <span class='ocrx_word' id='word_1_909' title='bbox 2397 1968 2428 1991; x_wconf 89' lang='lat' dir='ltr'>et</span> 
     </span>
     <span class='ocr_line' id='line_1_113' title="bbox 1363 2002 2426 2045; baseline 0.003 -13"><span class='ocrx_word' id='word_1_910' title='bbox 1363 2002 1505 2033; x_wconf 88' lang='lat' dir='ltr'>similiter</span> <span class='ocrx_word' id='word_1_911' title='bbox 1521 2012 1722 2033; x_wconf 88' lang='lat' dir='ltr'>consumens.</span> <span class='ocrx_word' id='word_1_912' title='bbox 1743 2020 1765 2026; x_wconf 92' lang='lat'>—</span> <span class='ocrx_word' id='word_1_913' title='bbox 1784 2002 1820 2032; x_wconf 89' lang='lat' dir='ltr'>In</span> <span class='ocrx_word' id='word_1_914' title='bbox 1836 2002 2023 2042; x_wconf 89' lang='lat' dir='ltr'>oppositum</span> <span class='ocrx_word' id='word_1_915' title='bbox 2038 2009 2144 2033; x_wconf 89' lang='lat' dir='ltr'>autem</span> <span class='ocrx_word' id='word_1_916' title='bbox 2161 2009 2207 2033; x_wconf 90' lang='lat' dir='ltr'>est</span> <span class='ocrx_word' id='word_1_917' title='bbox 2225 2004 2300 2044; x_wconf 88' lang='lat' dir='ltr'>quia</span> <span class='ocrx_word' id='word_1_918' title='bbox 2316 2014 2426 2045; x_wconf 88' lang='lat' dir='ltr'>seque-</span> 
     </span>
     <span class='ocr_line' id='line_1_114' title="bbox 1363 2046 2425 2088; baseline 0.002 -11"><span class='ocrx_word' id='word_1_919' title='bbox 1363 2053 1448 2078; x_wconf 90' lang='lat' dir='ltr'>retur</span> <span class='ocrx_word' id='word_1_920' title='bbox 1469 2047 1558 2087; x_wconf 89' lang='lat' dir='ltr'>quod</span> <span class='ocrx_word' id='word_1_921' title='bbox 1583 2046 1727 2077; x_wconf 91' lang='lat' dir='ltr'>detentor</span> <span class='ocrx_word' id='word_1_922' title='bbox 1750 2046 1926 2083; x_wconf 87' lang='lat' dir='ltr'>dormiens,</span> <span class='ocrx_word' id='word_1_923' title='bbox 1952 2053 1982 2077; x_wconf 91' lang='lat' dir='ltr'>et</span> <span class='ocrx_word' id='word_1_924' title='bbox 2004 2056 2113 2083; x_wconf 85' lang='lat' dir='ltr'>orans,</span> <span class='ocrx_word' id='word_1_925' title='bbox 2138 2054 2168 2078; x_wconf 93' lang='lat' dir='ltr'>et</span> <span class='ocrx_word' id='word_1_926' title='bbox 2191 2047 2425 2088; x_wconf 84' lang='lat' dir='ltr'>eleemosynam</span> 
     </span>
     <span class='ocr_line' id='line_1_115' title="bbox 1363 2090 2427 2131; baseline 0.001 -10"><span class='ocrx_word' id='word_1_927' title='bbox 1363 2092 1400 2121; x_wconf 91' lang='lat' dir='ltr'>de</span> <span class='ocrx_word' id='word_1_928' title='bbox 1425 2101 1484 2121; x_wconf 93' lang='lat' dir='ltr'>suo</span> <span class='ocrx_word' id='word_1_929' title='bbox 1508 2090 1640 2126; x_wconf 87' lang='lat' dir='ltr'>faciens,</span> <span class='ocrx_word' id='word_1_930' title='bbox 1665 2097 1696 2121; x_wconf 90' lang='lat' dir='ltr'>et</span> <span class='ocrx_word' id='word_1_931' title='bbox 1718 2090 1797 2120; x_wconf 87' lang='lat' dir='ltr'>nihil</span> <span class='ocrx_word' id='word_1_932' title='bbox 1819 2090 1905 2120; x_wconf 90' lang='lat' dir='ltr'>aliud</span> <span class='ocrx_word' id='word_1_933' title='bbox 1929 2090 2086 2130; x_wconf 88' lang='lat' dir='ltr'>cogitans,</span> <span class='ocrx_word' id='word_1_934' title='bbox 2115 2100 2239 2131; x_wconf 88' lang='lat' dir='ltr'>semper</span> <span class='ocrx_word' id='word_1_935' title='bbox 2264 2092 2427 2122; x_wconf 86' lang='lat' dir='ltr'>actualiter</span> 
     </span>
     <span class='ocr_line' id='line_1_116' title="bbox 1362 2134 2424 2176; baseline 0 -10"><span class='ocrx_word' id='word_1_936' title='bbox 1362 2140 1504 2175; x_wconf 89' lang='lat' dir='ltr'>peccaret</span> <span class='ocrx_word' id='word_1_937' title='bbox 1526 2134 1715 2170; x_wconf 87' lang='lat' dir='ltr'>mortaliter,</span> <span class='ocrx_word' id='word_1_938' title='bbox 1740 2140 1771 2164; x_wconf 90' lang='lat' dir='ltr'>et</span> <span class='ocrx_word' id='word_1_939' title='bbox 1801 2144 1866 2164; x_wconf 88' lang='lat' dir='ltr'>non</span> <span class='ocrx_word' id='word_1_940' title='bbox 1890 2134 1996 2164; x_wconf 90' lang='lat' dir='ltr'>solum</span> <span class='ocrx_word' id='word_1_941' title='bbox 2023 2134 2110 2175; x_wconf 90' lang='lat' dir='ltr'>quod</span> <span class='ocrx_word' id='word_1_942' title='bbox 2134 2142 2214 2166; x_wconf 86' lang='lat' dir='ltr'>esset</span> <span class='ocrx_word' id='word_1_943' title='bbox 2237 2135 2270 2165; x_wconf 89' lang='lat' dir='ltr'>in</span> <span class='ocrx_word' id='word_1_944' title='bbox 2293 2142 2424 2176; x_wconf 88' lang='lat' dir='ltr'>peccato</span> 
     </span>
     <span class='ocr_line' id='line_1_117' title="bbox 1362 2178 2024 2215; baseline -0.002 -6"><span class='ocrx_word' id='word_1_945' title='bbox 1362 2179 1498 2209; x_wconf 90' lang='lat' dir='ltr'>mortali.</span> <span class='ocrx_word' id='word_1_946' title='bbox 1523 2179 1622 2215; x_wconf 92' lang='lat' dir='ltr'>Quod</span> <span class='ocrx_word' id='word_1_947' title='bbox 1643 2178 1767 2208; x_wconf 87' lang='lat' dir='ltr'>videtur</span> <span class='ocrx_word' id='word_1_948' title='bbox 1789 2178 2024 2208; x_wconf 59' lang='lat' dir='ltr'>inconveniens</span> 
     </span>
    </p>

    <p class='ocr_par' dir='ltr' id='par_1_21' title="bbox 1359 2221 2427 3140">
     <span class='ocr_line' id='line_1_118' title="bbox 1415 2221 2425 2262; baseline 0 -9"><span class='ocrx_word' id='word_1_949' title='bbox 1415 2223 1467 2253; x_wconf 90' lang='lat' dir='ltr'>Ad</span> <span class='ocrx_word' id='word_1_950' title='bbox 1489 2222 1552 2252; x_wconf 92' lang='lat' dir='ltr'>hoc</span> <span class='ocrx_word' id='word_1_951' title='bbox 1575 2222 1688 2253; x_wconf 88' lang='lat' dir='ltr'>dicitur</span> <span class='ocrx_word' id='word_1_952' title='bbox 1710 2222 1799 2262; x_wconf 91' lang='lat' dir='ltr'>quod</span> <span class='ocrx_word' id='word_1_953' title='bbox 1830 2221 1906 2262; x_wconf 84' lang='lat' dir='ltr'>quia</span> <span class='ocrx_word' id='word_1_954' title='bbox 1932 2221 2066 2252; x_wconf 91' lang='lat' dir='ltr'>mortale</span> <span class='ocrx_word' id='word_1_955' title='bbox 2089 2227 2254 2261; x_wconf 81' lang='lat' dir='ltr'>peccatum</span> <span class='ocrx_word' id='word_1_956' title='bbox 2276 2223 2425 2253; x_wconf 90' lang='lat' dir='ltr'>commis-</span> 
     </span>
     <span class='ocr_line' id='line_1_119' title="bbox 1362 2264 2427 2308; baseline 0.001 -12"><span class='ocrx_word' id='word_1_957' title='bbox 1362 2267 1459 2297; x_wconf 89' lang='lat' dir='ltr'>sionis</span> <span class='ocrx_word' id='word_1_958' title='bbox 1483 2264 1536 2308; x_wconf 92' lang='lat' dir='ltr'>(de</span> <span class='ocrx_word' id='word_1_959' title='bbox 1559 2276 1626 2306; x_wconf 95' lang='lat' dir='ltr'>quo</span> <span class='ocrx_word' id='word_1_960' title='bbox 1650 2266 1720 2296; x_wconf 92' lang='lat' dir='ltr'>solo</span> <span class='ocrx_word' id='word_1_961' title='bbox 1748 2273 1794 2296; x_wconf 87' lang='lat' dir='ltr'>est</span> <span class='ocrx_word' id='word_1_962' title='bbox 1816 2264 1935 2307; x_wconf 88' lang='lat' dir='ltr'>sermo)</span> <span class='ocrx_word' id='word_1_963' title='bbox 1966 2271 2013 2296; x_wconf 89' lang='lat' dir='ltr'>est</span> <span class='ocrx_word' id='word_1_964' title='bbox 2034 2272 2122 2296; x_wconf 88' lang='lat' dir='ltr'>actus</span> <span class='ocrx_word' id='word_1_965' title='bbox 2143 2266 2343 2296; x_wconf 85' lang='lat' dir='ltr'>voluntarius</span> <span class='ocrx_word' id='word_1_966' title='bbox 2373 2267 2427 2297; x_wconf 88' lang='lat' dir='ltr'>de-</span> 
     </span>
     <span class='ocr_line' id='line_1_120' title="bbox 1361 2309 2425 2350; baseline 0.001 -10"><span class='ocrx_word' id='word_1_967' title='bbox 1361 2310 1488 2346; x_wconf 89' lang='lat' dir='ltr'>formis,</span> <span class='ocrx_word' id='word_1_968' title='bbox 1513 2312 1655 2350; x_wconf 65' lang='lat' dir='ltr'>oportet,</span> <span class='ocrx_word' id='word_1_969' title='bbox 1680 2310 1719 2339; x_wconf 87' lang='lat' dir='ltr'>ad</span> <span class='ocrx_word' id='word_1_970' title='bbox 1749 2310 1810 2340; x_wconf 90' lang='lat' dir='ltr'>hoc</span> <span class='ocrx_word' id='word_1_971' title='bbox 1833 2309 1923 2350; x_wconf 92' lang='lat' dir='ltr'>quod</span> <span class='ocrx_word' id='word_1_972' title='bbox 1946 2309 2060 2349; x_wconf 88' lang='lat' dir='ltr'>aliquis</span> <span class='ocrx_word' id='word_1_973' title='bbox 2083 2309 2270 2340; x_wconf 89' lang='lat' dir='ltr'>huiusmodi</span> <span class='ocrx_word' id='word_1_974' title='bbox 2292 2317 2425 2350; x_wconf 88' lang='lat' dir='ltr'>peccato</span> 
     </span>
     <span class='ocr_line' id='line_1_121' title="bbox 1360 2353 2424 2395; baseline -0.001 -10"><span class='ocrx_word' id='word_1_975' title='bbox 1360 2361 1469 2395; x_wconf 91' lang='lat' dir='ltr'>peccet</span> <span class='ocrx_word' id='word_1_976' title='bbox 1491 2353 1668 2389; x_wconf 85' lang='lat' dir='ltr'>actualiter,</span> <span class='ocrx_word' id='word_1_977' title='bbox 1693 2353 1782 2393; x_wconf 90' lang='lat' dir='ltr'>quod</span> <span class='ocrx_word' id='word_1_978' title='bbox 1807 2353 1970 2384; x_wconf 88' lang='lat' dir='ltr'>actualiter</span> <span class='ocrx_word' id='word_1_979' title='bbox 1992 2359 2134 2383; x_wconf 85' lang='lat' dir='ltr'>exerceat</span> <span class='ocrx_word' id='word_1_980' title='bbox 2156 2353 2295 2393; x_wconf 88' lang='lat' dir='ltr'>aliquem</span> <span class='ocrx_word' id='word_1_981' title='bbox 2318 2360 2424 2384; x_wconf 87' lang='lat' dir='ltr'>actum</span> 
     </span>
     <span class='ocr_line' id='line_1_122' title="bbox 1361 2397 2427 2437; baseline 0.001 -9"><span class='ocrx_word' id='word_1_982' title='bbox 1361 2397 1578 2428; x_wconf 83' lang='lat' dir='ltr'>voluntarium</span> <span class='ocrx_word' id='word_1_983' title='bbox 1595 2397 1784 2427; x_wconf 86' lang='lat' dir='ltr'>deformem.</span> <span class='ocrx_word' id='word_1_984' title='bbox 1808 2397 1849 2427; x_wconf 92' lang='lat' dir='ltr'>Et</span> <span class='ocrx_word' id='word_1_985' title='bbox 1869 2403 2036 2437; x_wconf 86' lang='lat' dir='ltr'>propterea</span> <span class='ocrx_word' id='word_1_986' title='bbox 2051 2406 2126 2427; x_wconf 89' lang='lat' dir='ltr'>cum</span> <span class='ocrx_word' id='word_1_987' title='bbox 2141 2397 2174 2426; x_wconf 91' lang='lat' dir='ltr'>in</span> <span class='ocrx_word' id='word_1_988' title='bbox 2190 2397 2326 2427; x_wconf 91' lang='lat' dir='ltr'>dubium</span> <span class='ocrx_word' id='word_1_989' title='bbox 2340 2398 2427 2429; x_wconf 87' lang='lat' dir='ltr'>venit</span> 
     </span>
     <span class='ocr_line' id='line_1_123' title="bbox 1361 2440 2425 2482; baseline -0.001 -10"><span class='ocrx_word' id='word_1_990' title='bbox 1361 2453 1400 2473; x_wconf 91' lang='lat' dir='ltr'>an</span> <span class='ocrx_word' id='word_1_991' title='bbox 1417 2441 1532 2482; x_wconf 86' lang='lat' dir='ltr'>aliquis</span> <span class='ocrx_word' id='word_1_992' title='bbox 1555 2441 1707 2472; x_wconf 91' lang='lat' dir='ltr'>continue</span> <span class='ocrx_word' id='word_1_993' title='bbox 1729 2441 1774 2471; x_wconf 91' lang='lat' dir='ltr'>sic</span> <span class='ocrx_word' id='word_1_994' title='bbox 1797 2447 1915 2480; x_wconf 88' lang='lat' dir='ltr'>peccet,</span> <span class='ocrx_word' id='word_1_995' title='bbox 1938 2440 2173 2481; x_wconf 83' lang='lat' dir='ltr'>inspiciendum</span> <span class='ocrx_word' id='word_1_996' title='bbox 2189 2448 2236 2472; x_wconf 91' lang='lat' dir='ltr'>est</span> <span class='ocrx_word' id='word_1_997' title='bbox 2259 2451 2298 2471; x_wconf 88' lang='lat' dir='ltr'>an</span> <span class='ocrx_word' id='word_1_998' title='bbox 2322 2451 2425 2480; x_wconf 90' lang='lat' dir='ltr'>perse—</span> 
     </span>
     <span class='ocr_line' id='line_1_124' title="bbox 1359 2484 2425 2525; baseline -0.001 -9"><span class='ocrx_word' id='word_1_999' title='bbox 1359 2492 1455 2521; x_wconf 86' lang='lat' dir='ltr'>veret,</span> <span class='ocrx_word' id='word_1_1000' title='bbox 1480 2495 1547 2515; x_wconf 91' lang='lat' dir='ltr'>non</span> <span class='ocrx_word' id='word_1_1001' title='bbox 1569 2485 1603 2515; x_wconf 89' lang='lat' dir='ltr'>in</span> <span class='ocrx_word' id='word_1_1002' title='bbox 1626 2492 1709 2516; x_wconf 86' lang='lat' dir='ltr'>statu</span> <span class='ocrx_word' id='word_1_1003' title='bbox 1733 2485 1870 2524; x_wconf 87' lang='lat' dir='ltr'>peccati,</span> <span class='ocrx_word' id='word_1_1004' title='bbox 1894 2491 1930 2515; x_wconf 92' lang='lat' dir='ltr'>ut</span> <span class='ocrx_word' id='word_1_1005' title='bbox 1953 2491 2131 2524; x_wconf 86' lang='lat' dir='ltr'>perseverat</span> <span class='ocrx_word' id='word_1_1006' title='bbox 2151 2484 2204 2514; x_wconf 90' lang='lat' dir='ltr'>ille</span> <span class='ocrx_word' id='word_1_1007' title='bbox 2227 2485 2283 2525; x_wconf 92' lang='lat' dir='ltr'>qui</span> <span class='ocrx_word' id='word_1_1008' title='bbox 2306 2495 2425 2525; x_wconf 90' lang='lat' dir='ltr'>propo-</span> 
     </span>
     <span class='ocr_line' id='line_1_125' title="bbox 1362 2529 2424 2569; baseline -0.002 -9"><span class='ocrx_word' id='word_1_1009' title='bbox 1362 2530 1425 2560; x_wconf 91' lang='lat' dir='ltr'>suit</span> <span class='ocrx_word' id='word_1_1010' title='bbox 1453 2529 1596 2560; x_wconf 81' lang='lat' dir='ltr'>occidere</span> <span class='ocrx_word' id='word_1_1011' title='bbox 1626 2529 1766 2569; x_wconf 85' lang='lat' dir='ltr'>aliquem</span> <span class='ocrx_word' id='word_1_1012' title='bbox 1796 2529 1898 2559; x_wconf 91' lang='lat' dir='ltr'>donec</span> <span class='ocrx_word' id='word_1_1013' title='bbox 1926 2535 2029 2559; x_wconf 87' lang='lat' dir='ltr'>mutat</span> <span class='ocrx_word' id='word_1_1014' title='bbox 2058 2529 2276 2568; x_wconf 89' lang='lat' dir='ltr'>propositum:</span> <span class='ocrx_word' id='word_1_1015' title='bbox 2307 2529 2362 2559; x_wconf 90' lang='lat' dir='ltr'>sed</span> <span class='ocrx_word' id='word_1_1016' title='bbox 2385 2539 2424 2559; x_wconf 86' lang='lat' dir='ltr'>an</span> 
     </span>
     <span class='ocr_line' id='line_1_126' title="bbox 1361 2572 2426 2615; baseline -0.001 -12"><span class='ocrx_word' id='word_1_1017' title='bbox 1361 2580 1538 2615; x_wconf 84' lang='lat' dir='ltr'>perseveret</span> <span class='ocrx_word' id='word_1_1018' title='bbox 1567 2572 1600 2603; x_wconf 90' lang='lat' dir='ltr'>in</span> <span class='ocrx_word' id='word_1_1019' title='bbox 1628 2573 1736 2614; x_wconf 92' lang='lat' dir='ltr'>aliquo</span> <span class='ocrx_word' id='word_1_1020' title='bbox 1763 2579 1835 2603; x_wconf 89' lang='lat' dir='ltr'>actu</span> <span class='ocrx_word' id='word_1_1021' title='bbox 1859 2572 2041 2603; x_wconf 83' lang='lat' dir='ltr'>voluntario</span> <span class='ocrx_word' id='word_1_1022' title='bbox 2070 2572 2156 2602; x_wconf 91' lang='lat' dir='ltr'>illius</span> <span class='ocrx_word' id='word_1_1023' title='bbox 2186 2572 2319 2613; x_wconf 90' lang='lat' dir='ltr'>speciei,</span> <span class='ocrx_word' id='word_1_1024' title='bbox 2345 2572 2426 2603; x_wconf 89' lang='lat' dir='ltr'>sicut</span> 
     </span>
     <span class='ocr_line' id='line_1_127' title="bbox 1361 2616 2426 2658; baseline -0.001 -10"><span class='ocrx_word' id='word_1_1025' title='bbox 1361 2623 1539 2658; x_wconf 85' lang='lat' dir='ltr'>perseverat</span> <span class='ocrx_word' id='word_1_1026' title='bbox 1564 2616 1621 2658; x_wconf 90' lang='lat' dir='ltr'>qui</span> <span class='ocrx_word' id='word_1_1027' title='bbox 1650 2616 1804 2657; x_wconf 87' lang='lat' dir='ltr'>proponit</span> <span class='ocrx_word' id='word_1_1028' title='bbox 1835 2616 1976 2647; x_wconf 88' lang='lat' dir='ltr'>occidere</span> <span class='ocrx_word' id='word_1_1029' title='bbox 2005 2616 2172 2646; x_wconf 89' lang='lat' dir='ltr'>hominem</span> <span class='ocrx_word' id='word_1_1030' title='bbox 2195 2623 2225 2646; x_wconf 89' lang='lat' dir='ltr'>et</span> <span class='ocrx_word' id='word_1_1031' title='bbox 2253 2616 2426 2647; x_wconf 89' lang='lat' dir='ltr'>delectatur</span> 
     </span>
     <span class='ocr_line' id='line_1_128' title="bbox 1362 2660 2426 2701; baseline -0.001 -9"><span class='ocrx_word' id='word_1_1032' title='bbox 1362 2661 1531 2701; x_wconf 89' lang='lat' dir='ltr'>cogitando</span> <span class='ocrx_word' id='word_1_1033' title='bbox 1555 2661 1644 2701; x_wconf 90' lang='lat' dir='ltr'>quod</span> <span class='ocrx_word' id='word_1_1034' title='bbox 1668 2660 1808 2696; x_wconf 88' lang='lat' dir='ltr'>occidet,</span> <span class='ocrx_word' id='word_1_1035' title='bbox 1833 2667 1864 2691; x_wconf 90' lang='lat' dir='ltr'>et</span> <span class='ocrx_word' id='word_1_1036' title='bbox 1886 2661 1925 2690; x_wconf 92' lang='lat' dir='ltr'>ad</span> <span class='ocrx_word' id='word_1_1037' title='bbox 1948 2660 2010 2690; x_wconf 89' lang='lat' dir='ltr'>hoc</span> <span class='ocrx_word' id='word_1_1038' title='bbox 2033 2667 2122 2700; x_wconf 91' lang='lat' dir='ltr'>parat</span> <span class='ocrx_word' id='word_1_1039' title='bbox 2144 2660 2369 2696; x_wconf 85' lang='lat' dir='ltr'>instrumenta,</span> <span class='ocrx_word' id='word_1_1040' title='bbox 2394 2667 2426 2691; x_wconf 92' lang='lat' dir='ltr'>et</span> 
     </span>
     <span class='ocr_line' id='line_1_129' title="bbox 1361 2703 2425 2743; baseline -0.002 -7"><span class='ocrx_word' id='word_1_1041' title='bbox 1361 2705 1558 2736; x_wconf 89' lang='lat' dir='ltr'>huiusmodi.</span> <span class='ocrx_word' id='word_1_1042' title='bbox 1581 2705 1628 2735; x_wconf 92' lang='lat' dir='ltr'>De</span> <span class='ocrx_word' id='word_1_1043' title='bbox 1651 2705 1714 2734; x_wconf 89' lang='lat' dir='ltr'>hoc</span> <span class='ocrx_word' id='word_1_1044' title='bbox 1737 2704 1823 2734; x_wconf 88' lang='lat' dir='ltr'>enim</span> <span class='ocrx_word' id='word_1_1045' title='bbox 1845 2703 1970 2735; x_wconf 87' lang='lat' dir='ltr'>videtur</span> <span class='ocrx_word' id='word_1_1046' title='bbox 1992 2703 2215 2734; x_wconf 86' lang='lat' dir='ltr'>affirmandum</span> <span class='ocrx_word' id='word_1_1047' title='bbox 2239 2704 2327 2743; x_wconf 91' lang='lat' dir='ltr'>quod</span> <span class='ocrx_word' id='word_1_1048' title='bbox 2352 2714 2425 2734; x_wconf 91' lang='lat' dir='ltr'>con-</span> 
     </span>
     <span class='ocr_line' id='line_1_130' title="bbox 1362 2747 2423 2789; baseline -0.002 -9"><span class='ocrx_word' id='word_1_1049' title='bbox 1362 2750 1450 2780; x_wconf 88' lang='lat' dir='ltr'>tinue</span> <span class='ocrx_word' id='word_1_1050' title='bbox 1465 2755 1574 2789; x_wconf 88' lang='lat' dir='ltr'>peccat</span> <span class='ocrx_word' id='word_1_1051' title='bbox 1587 2747 1763 2779; x_wconf 88' lang='lat' dir='ltr'>mortaliter</span> <span class='ocrx_word' id='word_1_1052' title='bbox 1777 2748 1918 2788; x_wconf 87' lang='lat' dir='ltr'>quandiu</span> <span class='ocrx_word' id='word_1_1053' title='bbox 1934 2748 2011 2778; x_wconf 89' lang='lat' dir='ltr'>haec</span> <span class='ocrx_word' id='word_1_1054' title='bbox 2027 2754 2161 2778; x_wconf 89' lang='lat' dir='ltr'>exercet:</span> <span class='ocrx_word' id='word_1_1055' title='bbox 2181 2748 2222 2777; x_wconf 89' lang='lat' dir='ltr'>de</span> <span class='ocrx_word' id='word_1_1056' title='bbox 2235 2747 2290 2777; x_wconf 91' lang='lat' dir='ltr'>illo</span> <span class='ocrx_word' id='word_1_1057' title='bbox 2306 2755 2423 2784; x_wconf 89' lang='lat' dir='ltr'>autem,</span> 
     </span>
     <span class='ocr_line' id='line_1_131' title="bbox 1363 2791 2425 2832; baseline -0.002 -8"><span class='ocrx_word' id='word_1_1058' title='bbox 1363 2803 1438 2824; x_wconf 90' lang='lat' dir='ltr'>non.</span> <span class='ocrx_word' id='word_1_1059' title='bbox 1472 2793 1580 2828; x_wconf 88' lang='lat' dir='ltr'>Unde,</span> <span class='ocrx_word' id='word_1_1060' title='bbox 1604 2792 1638 2822; x_wconf 90' lang='lat' dir='ltr'>in</span> <span class='ocrx_word' id='word_1_1061' title='bbox 1660 2791 1846 2832; x_wconf 90' lang='lat' dir='ltr'>proposito,</span> <span class='ocrx_word' id='word_1_1062' title='bbox 1871 2801 1945 2822; x_wconf 90' lang='lat' dir='ltr'>cum</span> <span class='ocrx_word' id='word_1_1063' title='bbox 1971 2791 2110 2822; x_wconf 91' lang='lat' dir='ltr'>detinere</span> <span class='ocrx_word' id='word_1_1064' title='bbox 2133 2791 2272 2821; x_wconf 90' lang='lat' dir='ltr'>alienum</span> <span class='ocrx_word' id='word_1_1065' title='bbox 2295 2801 2361 2821; x_wconf 91' lang='lat' dir='ltr'>non</span> <span class='ocrx_word' id='word_1_1066' title='bbox 2385 2791 2425 2822; x_wconf 90' lang='lat' dir='ltr'>sit</span> 
     </span>
     <span class='ocr_line' id='line_1_132' title="bbox 1362 2835 2422 2874; baseline -0.003 -7"><span class='ocrx_word' id='word_1_1067' title='bbox 1362 2837 1454 2872; x_wconf 65' lang='lat' dir='ltr'>actim</span> <span class='ocrx_word' id='word_1_1068' title='bbox 1478 2837 1533 2867; x_wconf 89' lang='lat' dir='ltr'>sed</span> <span class='ocrx_word' id='word_1_1069' title='bbox 1556 2836 1689 2866; x_wconf 88' lang='lat' dir='ltr'>actionis</span> <span class='ocrx_word' id='word_1_1070' title='bbox 1710 2835 1838 2866; x_wconf 85' lang='lat' dir='ltr'>effectus</span> <span class='ocrx_word' id='word_1_1071' title='bbox 1862 2835 1900 2865; x_wconf 88' lang='lat' dir='ltr'>ab</span> <span class='ocrx_word' id='word_1_1072' title='bbox 1923 2835 2047 2865; x_wconf 88' lang='lat' dir='ltr'>actione</span> <span class='ocrx_word' id='word_1_1073' title='bbox 2070 2844 2135 2864; x_wconf 90' lang='lat' dir='ltr'>non</span> <span class='ocrx_word' id='word_1_1074' title='bbox 2159 2835 2340 2874; x_wconf 87' lang='lat' dir='ltr'>dependens</span> <span class='ocrx_word' id='word_1_1075' title='bbox 2363 2835 2422 2865; x_wconf 87' lang='lat' dir='ltr'>nisi</span> 
     </span>
     <span class='ocr_line' id='line_1_133' title="bbox 1361 2878 2421 2922; baseline -0.002 -12"><span class='ocrx_word' id='word_1_1076' title='bbox 1361 2881 1393 2910; x_wconf 91' lang='lat' dir='ltr'>in</span> <span class='ocrx_word' id='word_1_1077' title='bbox 1416 2879 1572 2919; x_wconf 91' lang='lat' dir='ltr'>principio</span> <span class='ocrx_word' id='word_1_1078' title='bbox 1595 2878 1765 2922; x_wconf 88' lang='lat' dir='ltr'>(quoniam</span> <span class='ocrx_word' id='word_1_1079' title='bbox 1781 2879 1922 2909; x_wconf 87' lang='lat' dir='ltr'>detinens</span> <span class='ocrx_word' id='word_1_1080' title='bbox 1938 2888 2052 2909; x_wconf 84' lang='lat' dir='ltr'>aurum</span> <span class='ocrx_word' id='word_1_1081' title='bbox 2073 2878 2123 2908; x_wconf 94' lang='lat' dir='ltr'>vel</span> <span class='ocrx_word' id='word_1_1082' title='bbox 2146 2885 2310 2918; x_wconf 86' lang='lat' dir='ltr'>argentum</span> <span class='ocrx_word' id='word_1_1083' title='bbox 2334 2879 2421 2919; x_wconf 92' lang='lat' dir='ltr'>quod</span> 
     </span>
     <span class='ocr_line' id='line_1_134' title="bbox 1361 2921 2422 2964; baseline -0.002 -10"><span class='ocrx_word' id='word_1_1084' title='bbox 1361 2924 1482 2964; x_wconf 88' lang='lat' dir='ltr'>accipit,</span> <span class='ocrx_word' id='word_1_1085' title='bbox 1506 2923 1584 2953; x_wconf 87' lang='lat' dir='ltr'>nihil</span> <span class='ocrx_word' id='word_1_1086' title='bbox 1608 2929 1758 2962; x_wconf 87' lang='lat' dir='ltr'>operatur</span> <span class='ocrx_word' id='word_1_1087' title='bbox 1779 2922 1812 2952; x_wconf 92' lang='lat' dir='ltr'>in</span> <span class='ocrx_word' id='word_1_1088' title='bbox 1836 2921 2015 2958; x_wconf 90' lang='lat' dir='ltr'>detinendo,</span> <span class='ocrx_word' id='word_1_1089' title='bbox 2036 2932 2073 2952; x_wconf 87' lang='lat' dir='ltr'>ex</span> <span class='ocrx_word' id='word_1_1090' title='bbox 2087 2931 2154 2962; x_wconf 94' lang='lat' dir='ltr'>quo</span> <span class='ocrx_word' id='word_1_1091' title='bbox 2178 2922 2321 2962; x_wconf 89' lang='lat' dir='ltr'>reposuit</span> <span class='ocrx_word' id='word_1_1092' title='bbox 2342 2922 2422 2952; x_wconf 88' lang='lat' dir='ltr'>illud</span> 
     </span>
     <span class='ocr_line' id='line_1_135' title="bbox 1360 2965 2422 3009; baseline -0.002 -11"><span class='ocrx_word' id='word_1_1093' title='bbox 1360 2968 1393 2998; x_wconf 93' lang='lat' dir='ltr'>in</span> <span class='ocrx_word' id='word_1_1094' title='bbox 1415 2968 1488 2998; x_wconf 94' lang='lat' dir='ltr'>loco</span> <span class='ocrx_word' id='word_1_1095' title='bbox 1511 2965 1613 3009; x_wconf 90' lang='lat' dir='ltr'>tuto);</span> <span class='ocrx_word' id='word_1_1096' title='bbox 1639 2975 1836 3006; x_wconf 89' lang='lat' dir='ltr'>consequens</span> <span class='ocrx_word' id='word_1_1097' title='bbox 1859 2972 1906 2997; x_wconf 89' lang='lat' dir='ltr'>est</span> <span class='ocrx_word' id='word_1_1098' title='bbox 1929 2966 2018 3006; x_wconf 91' lang='lat' dir='ltr'>quod</span> <span class='ocrx_word' id='word_1_1099' title='bbox 2041 2966 2196 3002; x_wconf 88' lang='lat' dir='ltr'>detinens,</span> <span class='ocrx_word' id='word_1_1100' title='bbox 2221 2973 2257 2997; x_wconf 92' lang='lat' dir='ltr'>ut</span> <span class='ocrx_word' id='word_1_1101' title='bbox 2279 2966 2333 3002; x_wconf 90' lang='lat' dir='ltr'>sic,</span> <span class='ocrx_word' id='word_1_1102' title='bbox 2357 2976 2422 2996; x_wconf 88' lang='lat' dir='ltr'>non</span> 
     </span>
     <span class='ocr_line' id='line_1_136' title="bbox 1361 3009 2421 3051; baseline -0.002 -9"><span class='ocrx_word' id='word_1_1103' title='bbox 1361 3018 1500 3042; x_wconf 86' lang='lat' dir='ltr'>exerceat</span> <span class='ocrx_word' id='word_1_1104' title='bbox 1527 3010 1667 3051; x_wconf 83' lang='lat' dir='ltr'>aliquem</span> <span class='ocrx_word' id='word_1_1105' title='bbox 1696 3016 1802 3041; x_wconf 87' lang='lat' dir='ltr'>actum</span> <span class='ocrx_word' id='word_1_1106' title='bbox 1828 3009 2064 3046; x_wconf 85' lang='lat' dir='ltr'>voluntarium;</span> <span class='ocrx_word' id='word_1_1107' title='bbox 2095 3020 2130 3040; x_wconf 88' lang='lat' dir='ltr'>ac</span> <span class='ocrx_word' id='word_1_1108' title='bbox 2159 3019 2216 3049; x_wconf 90' lang='lat' dir='ltr'>per</span> <span class='ocrx_word' id='word_1_1109' title='bbox 2246 3009 2323 3046; x_wconf 90' lang='lat' dir='ltr'>hoc,</span> <span class='ocrx_word' id='word_1_1110' title='bbox 2356 3019 2421 3040; x_wconf 92' lang='lat' dir='ltr'>non</span> 
     </span>
     <span class='ocr_line' id='line_1_137' title="bbox 1361 3053 2422 3095; baseline -0.002 -9"><span class='ocrx_word' id='word_1_1111' title='bbox 1361 3061 1470 3095; x_wconf 85' lang='lat' dir='ltr'>peccat</span> <span class='ocrx_word' id='word_1_1112' title='bbox 1499 3054 1666 3091; x_wconf 85' lang='lat' dir='ltr'>continue,</span> <span class='ocrx_word' id='word_1_1113' title='bbox 1691 3053 1837 3095; x_wconf 86' lang='lat' dir='ltr'>quamvis</span> <span class='ocrx_word' id='word_1_1114' title='bbox 1867 3054 2016 3085; x_wconf 89' lang='lat' dir='ltr'>continue</span> <span class='ocrx_word' id='word_1_1115' title='bbox 2046 3053 2086 3084; x_wconf 90' lang='lat' dir='ltr'>sit</span> <span class='ocrx_word' id='word_1_1116' title='bbox 2115 3053 2148 3083; x_wconf 89' lang='lat' dir='ltr'>in</span> <span class='ocrx_word' id='word_1_1117' title='bbox 2171 3059 2253 3084; x_wconf 86' lang='lat' dir='ltr'>statu</span> <span class='ocrx_word' id='word_1_1118' title='bbox 2281 3054 2422 3084; x_wconf 88' lang='lat' dir='ltr'>mortalis</span> 
     </span>
     <span class='ocr_line' id='line_1_138' title="bbox 1362 3098 1858 3140; baseline 0 -10"><span class='ocrx_word' id='word_1_1119' title='bbox 1362 3098 1491 3140; x_wconf 88' lang='lat' dir='ltr'>peccati.</span> <span class='ocrx_word' id='word_1_1120' title='bbox 1856 3118 1858 3121; x_wconf 92' lang='lat'><em>-</em></span> 
     </span>
    </p>

    <p class='ocr_par' dir='ltr' id='par_1_22' title="bbox 1360 3140 2422 3490">
     <span class='ocr_line' id='line_1_139' title="bbox 1416 3140 2422 3174; baseline -0.003 -1"><span class='ocrx_word' id='word_1_1121' title='bbox 1416 3142 1470 3174; x_wconf 82' lang='lat' dir='ltr'>lv.</span> <span class='ocrx_word' id='word_1_1122' title='bbox 1494 3143 1542 3173; x_wconf 91' lang='lat' dir='ltr'>De</span> <span class='ocrx_word' id='word_1_1123' title='bbox 1558 3142 1804 3172; x_wconf 88' lang='lat' dir='ltr'>contrectatione</span> <span class='ocrx_word' id='word_1_1124' title='bbox 1820 3147 1928 3172; x_wconf 90' lang='lat' dir='ltr'>autem</span> <span class='ocrx_word' id='word_1_1125' title='bbox 1943 3141 1987 3171; x_wconf 89' lang='lat' dir='ltr'>rei</span> <span class='ocrx_word' id='word_1_1126' title='bbox 2003 3140 2135 3171; x_wconf 86' lang='lat' dir='ltr'>furtivae</span> <span class='ocrx_word' id='word_1_1127' title='bbox 2147 3141 2289 3171; x_wconf 89' lang='lat' dir='ltr'>detentae</span> <span class='ocrx_word' id='word_1_1128' title='bbox 2313 3141 2422 3171; x_wconf 79' lang='lat' dir='ltr'>distin-</span> 
     </span>
     <span class='ocr_line' id='line_1_140' title="bbox 1361 3184 2421 3227; baseline -0.003 -10"><span class='ocrx_word' id='word_1_1129' title='bbox 1361 3187 1526 3227; x_wconf 90' lang='lat' dir='ltr'>guendum</span> <span class='ocrx_word' id='word_1_1130' title='bbox 1549 3192 1605 3216; x_wconf 88' lang='lat' dir='ltr'>est.</span> <span class='ocrx_word' id='word_1_1131' title='bbox 1635 3186 1732 3222; x_wconf 92' lang='lat' dir='ltr'>Quod</span> <span class='ocrx_word' id='word_1_1132' title='bbox 1755 3192 1811 3215; x_wconf 90' lang='lat' dir='ltr'>aut</span> <span class='ocrx_word' id='word_1_1133' title='bbox 1834 3191 1921 3215; x_wconf 89' lang='lat' dir='ltr'>actus</span> <span class='ocrx_word' id='word_1_1134' title='bbox 1945 3185 2024 3215; x_wconf 89' lang='lat' dir='ltr'>circa</span> <span class='ocrx_word' id='word_1_1135' title='bbox 2046 3185 2133 3214; x_wconf 88' lang='lat' dir='ltr'>illam</span> <span class='ocrx_word' id='word_1_1136' title='bbox 2155 3184 2191 3215; x_wconf 90' lang='lat' dir='ltr'>fit</span> <span class='ocrx_word' id='word_1_1137' title='bbox 2213 3191 2342 3224; x_wconf 85' lang='lat' dir='ltr'>propter</span> <span class='ocrx_word' id='word_1_1138' title='bbox 2365 3186 2421 3215; x_wconf 94' lang='lat' dir='ltr'>bo-</span> 
     </span>
     <span class='ocr_line' id='line_1_141' title="bbox 1361 3228 2421 3269; baseline -0.002 -8"><span class='ocrx_word' id='word_1_1139' title='bbox 1361 3241 1440 3262; x_wconf 92' lang='lat' dir='ltr'>num</span> <span class='ocrx_word' id='word_1_1140' title='bbox 1462 3231 1547 3261; x_wconf 91' lang='lat' dir='ltr'>illius</span> <span class='ocrx_word' id='word_1_1141' title='bbox 1571 3230 1630 3260; x_wconf 90' lang='lat' dir='ltr'>rei:</span> <span class='ocrx_word' id='word_1_1142' title='bbox 1655 3236 1731 3269; x_wconf 90' lang='lat' dir='ltr'>puta</span> <span class='ocrx_word' id='word_1_1143' title='bbox 1754 3229 1780 3259; x_wconf 90' lang='lat' dir='ltr'>si</span> <span class='ocrx_word' id='word_1_1144' title='bbox 1803 3229 1897 3259; x_wconf 86' lang='lat' dir='ltr'>vestis</span> <span class='ocrx_word' id='word_1_1145' title='bbox 1920 3229 2034 3259; x_wconf 88' lang='lat' dir='ltr'>furtiva</span> <span class='ocrx_word' id='word_1_1146' title='bbox 2053 3228 2234 3264; x_wconf 87' lang='lat' dir='ltr'>excutiatur,</span> <span class='ocrx_word' id='word_1_1147' title='bbox 2249 3229 2300 3258; x_wconf 86' lang='lat' dir='ltr'>vel</span> <span class='ocrx_word' id='word_1_1148' title='bbox 2318 3238 2421 3259; x_wconf 89' lang='lat' dir='ltr'>remo-</span> 
     </span>
     <span class='ocr_line' id='line_1_142' title="bbox 1360 3271 2421 3310; baseline -0.003 -5"><span class='ocrx_word' id='word_1_1149' title='bbox 1360 3282 1470 3306; x_wconf 87' lang='lat' dir='ltr'>veatur</span> <span class='ocrx_word' id='word_1_1150' title='bbox 1492 3285 1510 3305; x_wconf 88' lang='lat' dir='ltr'>a</span> <span class='ocrx_word' id='word_1_1151' title='bbox 1533 3275 1606 3304; x_wconf 91' lang='lat' dir='ltr'>loco</span> <span class='ocrx_word' id='word_1_1152' title='bbox 1629 3273 1775 3310; x_wconf 88' lang='lat' dir='ltr'>humido,</span> <span class='ocrx_word' id='word_1_1153' title='bbox 1798 3273 1848 3303; x_wconf 92' lang='lat' dir='ltr'>vel</span> <span class='ocrx_word' id='word_1_1154' title='bbox 1871 3273 2064 3303; x_wconf 88' lang='lat' dir='ltr'>custodiatur</span> <span class='ocrx_word' id='word_1_1155' title='bbox 2087 3282 2104 3302; x_wconf 91' lang='lat' dir='ltr'>a</span> <span class='ocrx_word' id='word_1_1156' title='bbox 2123 3271 2192 3303; x_wconf 89' lang='lat' dir='ltr'>fure</span> <span class='ocrx_word' id='word_1_1157' title='bbox 2211 3278 2266 3302; x_wconf 86' lang='lat' dir='ltr'>aut</span> <span class='ocrx_word' id='word_1_1158' title='bbox 2287 3273 2421 3308; x_wconf 84' lang='lat' dir='ltr'>latrone,</span> 
     </span>
     <span class='ocr_line' id='line_1_143' title="bbox 1361 3315 2420 3357; baseline -0.003 -8"><span class='ocrx_word' id='word_1_1159' title='bbox 1361 3325 1392 3350; x_wconf 88' lang='lat' dir='ltr'>et</span> <span class='ocrx_word' id='word_1_1160' title='bbox 1414 3318 1610 3349; x_wconf 89' lang='lat' dir='ltr'>huiusmodi.</span> <span class='ocrx_word' id='word_1_1161' title='bbox 1644 3317 1686 3348; x_wconf 88' lang='lat' dir='ltr'>Et</span> <span class='ocrx_word' id='word_1_1162' title='bbox 1707 3317 1750 3347; x_wconf 90' lang='lat' dir='ltr'>sic</span> <span class='ocrx_word' id='word_1_1163' title='bbox 1774 3317 1900 3347; x_wconf 91' lang='lat' dir='ltr'>nullum</span> <span class='ocrx_word' id='word_1_1164' title='bbox 1922 3323 2087 3357; x_wconf 87' lang='lat' dir='ltr'>peccatum</span> <span class='ocrx_word' id='word_1_1165' title='bbox 2111 3322 2173 3352; x_wconf 90' lang='lat' dir='ltr'>est;</span> <span class='ocrx_word' id='word_1_1166' title='bbox 2204 3315 2285 3346; x_wconf 87' lang='lat' dir='ltr'>sicut</span> <span class='ocrx_word' id='word_1_1167' title='bbox 2307 3325 2365 3346; x_wconf 89' lang='lat' dir='ltr'>nec</span> <span class='ocrx_word' id='word_1_1168' title='bbox 2387 3316 2420 3346; x_wconf 89' lang='lat' dir='ltr'>in</span> 
     </span>
     <span class='ocr_line' id='line_1_144' title="bbox 1361 3359 2420 3400; baseline -0.004 -7"><span class='ocrx_word' id='word_1_1169' title='bbox 1361 3363 1482 3393; x_wconf 87' lang='lat' dir='ltr'>actibus</span> <span class='ocrx_word' id='word_1_1170' title='bbox 1504 3361 1751 3392; x_wconf 84' lang='lat' dir='ltr'>indifferentibus</span> <span class='ocrx_word' id='word_1_1171' title='bbox 1777 3361 1856 3391; x_wconf 88' lang='lat' dir='ltr'>circa</span> <span class='ocrx_word' id='word_1_1172' title='bbox 1878 3360 1984 3396; x_wconf 90' lang='lat' dir='ltr'>illam,</span> <span class='ocrx_word' id='word_1_1173' title='bbox 2009 3366 2086 3400; x_wconf 88' lang='lat' dir='ltr'>puta</span> <span class='ocrx_word' id='word_1_1174' title='bbox 2108 3359 2264 3395; x_wconf 85' lang='lat' dir='ltr'>videndo,</span> <span class='ocrx_word' id='word_1_1175' title='bbox 2288 3369 2420 3390; x_wconf 77' lang='lat' dir='ltr'>moven-</span> 
     </span>
     <span class='ocr_line' id='line_1_145' title="bbox 1361 3403 2419 3446; baseline -0.002 -10"><span class='ocrx_word' id='word_1_1176' title='bbox 1361 3407 1414 3442; x_wconf 92' lang='lat' dir='ltr'>do,</span> <span class='ocrx_word' id='word_1_1177' title='bbox 1431 3413 1505 3436; x_wconf 89' lang='lat' dir='ltr'>etc.:</span> <span class='ocrx_word' id='word_1_1178' title='bbox 1529 3405 1683 3446; x_wconf 90' lang='lat' dir='ltr'>quoniam</span> <span class='ocrx_word' id='word_1_1179' title='bbox 1693 3414 1762 3445; x_wconf 68' lang='lat' dir='ltr'>,per</span> <span class='ocrx_word' id='word_1_1180' title='bbox 1782 3405 1843 3434; x_wconf 90' lang='lat' dir='ltr'>hoc</span> <span class='ocrx_word' id='word_1_1181' title='bbox 1859 3404 1965 3435; x_wconf 92' lang='lat' dir='ltr'>nullus</span> <span class='ocrx_word' id='word_1_1182' title='bbox 1981 3411 2068 3434; x_wconf 86' lang='lat' dir='ltr'>actus</span> <span class='ocrx_word' id='word_1_1183' title='bbox 2083 3410 2243 3434; x_wconf 90' lang='lat' dir='ltr'>exercetur</span> <span class='ocrx_word' id='word_1_1184' title='bbox 2258 3403 2339 3434; x_wconf 86' lang='lat' dir='ltr'>circa</span> <span class='ocrx_word' id='word_1_1185' title='bbox 2353 3413 2419 3434; x_wconf 89' lang='lat' dir='ltr'>rem</span> 
     </span>
     <span class='ocr_line' id='line_1_146' title="bbox 1362 3448 1876 3490; baseline -0.006 -10"><span class='ocrx_word' id='word_1_1186' title='bbox 1362 3450 1496 3480; x_wconf 87' lang='lat' dir='ltr'>alienam</span> <span class='ocrx_word' id='word_1_1187' title='bbox 1519 3449 1575 3490; x_wconf 92' lang='lat' dir='ltr'>qui</span> <span class='ocrx_word' id='word_1_1188' title='bbox 1598 3449 1695 3479; x_wconf 89' lang='lat' dir='ltr'>violet</span> <span class='ocrx_word' id='word_1_1189' title='bbox 1717 3448 1876 3479; x_wconf 90' lang='lat' dir='ltr'>iustitiam.</span> 
     </span>
    </p>

    <p class='ocr_par' dir='ltr' id='par_1_23' title="bbox 1362 3491 2419 3575">
     <span class='ocr_line' id='line_1_147' title="bbox 1417 3491 2419 3530; baseline -0.004 -6"><span class='ocrx_word' id='word_1_1190' title='bbox 1417 3496 1482 3524; x_wconf 80' lang='lat' dir='ltr'>Aut</span> <span class='ocrx_word' id='word_1_1191' title='bbox 1505 3500 1592 3523; x_wconf 90' lang='lat' dir='ltr'>actus</span> <span class='ocrx_word' id='word_1_1192' title='bbox 1616 3499 1662 3523; x_wconf 85' lang='lat' dir='ltr'>est</span> <span class='ocrx_word' id='word_1_1193' title='bbox 1685 3502 1760 3522; x_wconf 90' lang='lat' dir='ltr'>usus</span> <span class='ocrx_word' id='word_1_1194' title='bbox 1783 3491 1867 3521; x_wconf 89' lang='lat' dir='ltr'>illius</span> <span class='ocrx_word' id='word_1_1195' title='bbox 1890 3491 1949 3520; x_wconf 87' lang='lat' dir='ltr'>rei:</span> <span class='ocrx_word' id='word_1_1196' title='bbox 1980 3496 2057 3530; x_wconf 86' lang='lat' dir='ltr'>puta</span> <span class='ocrx_word' id='word_1_1197' title='bbox 2085 3491 2215 3521; x_wconf 89' lang='lat' dir='ltr'>induere</span> <span class='ocrx_word' id='word_1_1198' title='bbox 2245 3500 2277 3521; x_wconf 90' lang='lat' dir='ltr'>se</span> <span class='ocrx_word' id='word_1_1199' title='bbox 2300 3497 2419 3521; x_wconf 82' lang='lat' dir='ltr'>vestem</span> 
     </span>
     <span class='ocr_line' id='line_1_148' title="bbox 1362 3534 2419 3575; baseline -0.004 -7"><span class='ocrx_word' id='word_1_1200' title='bbox 1362 3537 1527 3573; x_wconf 77' lang='lat' dir='ltr'>furtivam,</span> <span class='ocrx_word' id='word_1_1201' title='bbox 1552 3546 1663 3567; x_wconf 87' lang='lat' dir='ltr'>ornare</span> <span class='ocrx_word' id='word_1_1202' title='bbox 1686 3545 1718 3566; x_wconf 89' lang='lat' dir='ltr'>se</span> <span class='ocrx_word' id='word_1_1203' title='bbox 1741 3545 1867 3575; x_wconf 84' lang='lat' dir='ltr'>gemma</span> <span class='ocrx_word' id='word_1_1204' title='bbox 1890 3541 1945 3565; x_wconf 90' lang='lat' dir='ltr'>aut</span> <span class='ocrx_word' id='word_1_1205' title='bbox 1968 3535 2064 3565; x_wconf 93' lang='lat' dir='ltr'>anulo</span> <span class='ocrx_word' id='word_1_1206' title='bbox 2088 3534 2222 3570; x_wconf 88' lang='lat' dir='ltr'>furtivo,</span> <span class='ocrx_word' id='word_1_1207' title='bbox 2247 3535 2419 3575; x_wconf 89' lang='lat' dir='ltr'>expendere</span> 
     </span>
    </p>
   </div>
   <div class='ocr_carea' id='block_1_15' title="bbox 2459 651 2670 681">
    <p class='ocr_par' dir='ltr' id='par_1_24' title="bbox 2459 651 2670 681">
     <span class='ocr_line' id='line_1_149' title="bbox 2459 651 2670 681; baseline 0.009 -8"><span class='ocrx_word' id='word_1_1208' title='bbox 2459 653 2467 661; x_wconf 88' lang='grc'><em>·</em></span> <span class='ocrx_word' id='word_1_1209' title='bbox 2476 651 2524 678; x_wconf 88' lang='lat' dir='ltr'>Qu.</span> <span class='ocrx_word' id='word_1_1210' title='bbox 2534 657 2587 676; x_wconf 60' lang='lat' dir='ltr'>axv,</span> <span class='ocrx_word' id='word_1_1211' title='bbox 2596 657 2638 674; x_wconf 83' lang='lat' dir='ltr'>art.</span> <span class='ocrx_word' id='word_1_1212' title='bbox 2649 660 2670 681; x_wconf 89' lang='lat'>3.</span> 
     </span>
    </p>
   </div>
   <div class='ocr_carea' id='block_1_16' title="bbox 2458 783 2570 810">
    <p class='ocr_par' dir='ltr' id='par_1_25' title="bbox 2458 783 2570 810">
     <span class='ocr_line' id='line_1_150' title="bbox 2458 783 2570 810; baseline 0.009 -6"><span class='ocrx_word' id='word_1_1213' title='bbox 2458 784 2468 793; x_wconf 76' lang='lat'>⁸</span> <span class='ocrx_word' id='word_1_1214' title='bbox 2481 783 2533 805; x_wconf 80' lang='lat' dir='ltr'>An.</span> <span class='ocrx_word' id='word_1_1215' title='bbox 2547 790 2570 810; x_wconf 81' lang='lat'>⁴·</span> 
     </span>
    </p>
   </div>
  </div>
 </body>
</html>
