2860 4244
0 314 28 604 Ξ

33 441 89 464 Loc.
102 440 143 462 eit.

138 1653 193 1672 5,an

904 254 1171 300 QUAESTIO
1201 255 1322 302 XCV,
1351 255 1647 292 ARTlCULUS
1676 256 1762 292 VIII

246 331 318 368 bus
346 331 615 380 ecclesiasticis,
645 345 742 381 quae
773 345 817 370 ex
846 333 1004 382 Spiritus
1035 333 1160 369 Sancti
1193 333 1306 382 inspi-

246 383 391 421 ratione
409 384 493 421 fieri
513 385 663 432 debent,
680 386 792 434 aliqui
814 385 976 422 sortibus
994 393 1156 422 utantur.
1183 387 1305 433 Unde,

246 435 342 473 sicut
367 437 473 474 Beda
503 438 602 486 dicit,
630 450 744 487 super
766 439 882 476 Actus
904 439 1032 486 Apost.
1052 437 1083 484 ²¹⁸,
1109 439 1304 485 Matthias,

245 494 331 526 ante
357 490 593 528 Pentecosten
622 491 831 537 ordinatus,
859 497 958 528 sorte
985 492 1189 539 quaeritur,
1218 492 1305 540 quia

246 541 385 579 scilicet
414 543 588 580 nondum
608 552 688 580 erat
714 544 910 592 plenitudo
932 543 1092 592 Spiritus
1121 544 1247 580 Sancti
1267 545 1305 581 in

246 595 415 632 Ecclesia
459 595 599 632 effusa:
643 602 781 645 septem
826 602 950 633 autem
992 597 1143 633 diaconi
1175 603 1305 645 postea

245 659 319 684 non
347 654 465 694 sorte,
493 649 559 685 sed
589 648 764 685 electione
790 649 1056 697 discipulorum
1093 655 1178 685 sunt
1206 650 1305 686 ordi-

244 700 332 737 nati.
368 701 486 738 Secus
514 708 641 738 autem
672 709 727 738 est
754 702 794 738 in
821 702 1094 750 temporalibus
1122 702 1305 750 dignitati-

244 753 335 799 bus,
365 766 463 801 quae
492 753 540 790 acl
569 760 717 791 terrena
748 754 986 803 disponenda
1015 753 1026 779 ξ
1063 755 1303 801 ordinantur;

242 805 281 842 in
300 817 463 853 quarum
484 807 666 843 electione
685 807 912 856 plerumque
936 807 1111 844 homines
1141 808 1306 844 sortibus

242 866 416 906 utuntur,
453 859 548 896 sicut
585 867 621 896 et
657 859 695 896 in
735 861 1003 910 temporalium
1045 872 1173 897 rerum
1211 860 1305 897 divi·

242 923 360 948 stone.

252 968 255 972 ’
296 964 332 1001 Si
361 977 456 1002 vero
485 965 688 1002 necessitas
716 965 925 1013 immineat,
946 966 1088 1002 licitum
1119 973 1183 1012 est,
1215 977 1303 1001 cum

243 1016 370 1059 debita
397 1017 620 1064 reverentia,
642 1018 806 1056 sortibus
827 1018 999 1056 divinum
1027 1017 1209 1054 iudicium
1235 1017 1303 1054 im-

240 1070 403 1118 plorare.
441 1071 553 1108 Unde
590 1071 823 1119 Augustinus
860 1071 968 1116 dicit,
998 1070 1036 1107 in
1070 1070 1227 1119 epistola
1254 1071 1306 1107 ad

43 1125 115 1172 „⁶⁹2
150 1121 214 1171 ‘sm’
239 1123 486 1160 Honoratum
506 1123 541 1160 *τ
575 1124 617 1160 Si
643 1125 738 1160 inter
763 1124 840 1160 Dei
874 1124 1063 1160 ministros
1090 1123 1137 1159 sit
1153 1128 1167 1144 ⁰
1186 1123 1301 1160 disce-

235 1177 356 1227 ptatio
383 1177 448 1225 qui
474 1188 605 1213 eorum
628 1176 899 1224 persecutionis
925 1182 1092 1224 tempore
1111 1182 1301 1222 maneant,

242 1240 290 1280 ne
307 1229 411 1280 fuga
440 1229 620 1275 omnium,
642 1234 678 1266 et
694 1229 760 1278 qui
776 1241 907 1266 eorum
924 1229 1097 1278 fugiant,
1119 1241 1166 1265 ne
1183 1235 1304 1266 morte

242 1278 411 1324 omnium
451 1282 647 1319 deseratur
682 1282 858 1319 ecclesia.-
890 1294 921 1319 sz
958 1283 1052 1318 haec
1088 1282 1302 1342 disceptatio

240 1333 458 1379 Mn
467 1333 640 1383 potuerit
666 1335 880 1395 terminari,
910 1341 1091 1383 quantum
1127 1335 1221 1371 mihi
1247 1335 1302 1371 vi-

241 1386 364 1438 detur,
393 1387 460 1436 qui
485 1393 665 1425 maneant
690 1394 726 1424 et
757 1388 823 1436 qui
840 1388 1004 1437 fugiant
1028 1393 1127 1424 sorte
1154 1388 1305 1437 legendi

240 1429 337 1479 ffli-
366 1439 417 1478 Et
443 1440 481 1476 in
510 1441 524 1476 Ι
553 1441 599 1477 de
625 1441 734 1477 Doct.
773 1441 906 1478 Christ.
936 1440 956 1462 *
984 1440 1091 1477 dicit:
1126 1441 1168 1476 Si
1193 1441 1260 1477 tibi
1284 1446 1302 1462 π

241 1488 453 1544 abundaret
477 1493 630 1542 aliquid,
656 1493 758 1542 quod
781 1499 968 1543 oporteret
985 1494 1072 1530 dari
1092 1494 1129 1529 ei
1144 1494 1210 1541 qui
1227 1505 1302 1530 non

36 1535 66 1590 ’3,
80 1570 144 1594 με,
161 1564 219 1587 ω
239 1546 405 1592 baberet,
425 1557 494 1583 nec
513 1546 656 1584 duobus
678 1546 766 1584 dari
775 1547 976 1595 potuisset,·
996 1546 1030 1583 si
1046 1546 1112 1582 tibi
1129 1558 1302 1582 occurre-

240 1603 325 1636 rent
349 1598 436 1645 duo,
456 1609 618 1647 quorum
646 1605 776 1636 neuter
793 1599 910 1636 alium
929 1599 990 1636 vel
1016 1599 1222 1648 indigentia
1245 1599 1305 1635 vel

240 1660 336 1701 erga
363 1657 399 1688 te
424 1652 554 1700 aliqua
582 1652 795 1689 necessitate
821 1657 1033 1700 superaret;
1057 1652 1149 1688 nihil
1175 1652 1304 1688 iustius

222 1702 386 1762 faceres
412 1711 526 1753 quam
556 1710 598 1741 ut
621 1710 722 1741 sorte
748 1705 891 1754 legeres
919 1705 983 1741 cui
1008 1705 1174 1741 dandum
1212 1710 1307 1741 esset

238 1748 343 1810 quod
365 1757 452 1794 dari
477 1757 623 1807 utrique
650 1770 724 1794 non
748 1763 884 1806 posset.

270 1869 316 1904 ,ιε-ξ)
333 1874 444 1897 ter-rena
461 1871 663 1904 disponenda.-
645 1875 784 1897 -terrena
803 1871 982 1903 dispensanda
1000 1872 1038 1903 H,
1057 1875 1193 1896 terrenam
1212 1871 1301 1903 dispo-

169 1906 461 2005 ἘἫἙΙῨ-αβε
477 1942 512 1973 Ρ;
536 1947 597 1975 post
607 1943 682 1976 juga
708 1943 747 1967 Pa
770 1942 868 1967 addunt
879 1943 949 1976 fiat;
973 1950 1021 1975 pro
1040 1942 1160 1975 legendi,
1186 1941 1302 1975 eligendi

115 1965 130 1979 ¹
184 1958 199 1976 '⁵
212 1959 218 1966 ”
209 1974 409 2003 anenata·

2344 254 2416 302 327

1414 335 1463 370 Et
1490 346 1558 382 per
1585 336 1660 371 hoc
1686 341 1789 383 patet
1817 333 2013 382 responsio
2044 333 2092 370 ad
2120 333 2287 382 primum
2309 340 2344 368 et
2363 345 2418 369 se-

1361 389 1541 424 cundum.

1412 442 1470 475 AD
1499 451 1658 477 TERTIUM
1678 451 1861 476 mcaNDUM
1892 439 1995 488 quod
2024 438 2205 476 iudicium
2225 437 2310 474 ferri
2332 449 2418 474 can-

1361 491 1481 528 dentis
1509 492 1571 528 vel
1599 504 1722 540 aquae
1741 493 1918 530 ferventis
1948 492 2142 529 ordinatur
2161 497 2173 520 ⁹
2194 490 2347 539 quidem
2369 490 2417 526 ad

1360 543 1515 580 alicuius
1543 545 1687 592 peccati
1715 545 1851 582 occulti
1879 545 2162 593 inquisitionem
2182 555 2250 592 per
2277 543 2416 591 aliquid

1359 598 1464 644 quod
1484 597 1532 632 ab
1556 597 1712 634 homine
1740 598 1792 644 fit,
1815 606 1851 634 et
1873 598 1910 634 in
1929 599 2004 635 hoc
2032 597 2211 634 convenit
2230 608 2318 632 curn
2339 608 2416 632 sor-

1359 649 1479 685 tibus:
1508 649 1734 698 inquantum
1771 658 1899 687 tamen
1929 658 2146 699 expectatur
2187 648 2320 697 aliquis
2349 648 2418 685 rni-

1360 702 1554 738 raculosus
1592 702 1748 739 effectus
1782 715 1803 739 a
1831 705 1938 749 Deo,
1983 703 2127 740 excedit
2169 714 2414 739 communem

1360 754 1517 790 sortium
1547 755 1745 791 rationem.
1784 756 1896 793 Unde
1924 756 2141 793 huiusmodi
2169 754 2350 792 iudicium
2378 755 2417 791 il-

1358 806 1499 842 licitum
1528 807 1712 844 redditur:
1743 816 1823 844 tum
1852 808 1940 856 quia
1969 809 2163 846 ordinatur
2181 809 2230 845 ad
2250 807 2416 844 iudican-

1360 859 1451 895 dum
1469 860 1627 907 occulta,
1644 872 1742 908 quae
1764 861 1891 898 divino
1908 861 2045 898 iudicio
2061 868 2318 906 reservantur,
2335 868 2416 897 tum

1359 911 1473 948 etiam
1503 912 1593 960 quia
1621 912 1841 950 huiusmodi
1870 914 2049 950 iudicium
2077 926 2155 950 non
2184 921 2238 950 est
2257 913 2416 950 auctori-

1360 971 1434 1001 tate
1464 964 1591 1001 divina
1617 965 1812 1003 sancitum.
1850 967 1961 1003 Unde
1991 968 2035 1012 ΙΙ,
2058 979 2119 1015 qu.
2140 979 2174 1013 v,
2196 966 2232 1002 in
2264 966 2415 1003 decreto

1359 1017 1541 1065 Stephani
1578 1018 1706 1066 Papae
1731 1018 1770 1065 ³¹²,
1801 1018 1953 1055 dicitur:
1990 1020 2104 1055 Ferri
2136 1019 2325 1055 candentis
2359 1019 2419 1055 vel

1357 1081 1480 1118 aquae
1502 1071 1682 1117 ferventis
1701 1072 1979 1108 examinatione
2004 1072 2271 1120 confessionem
2292 1077 2416 1108 extor-

1357 1123 1465 1170 queri
1478 1134 1501 1159 a
1517 1123 1688 1171 quolibet,
1699 1125 1801 1160 sacri
1813 1136 1887 1160 non
1903 1130 2052 1161 censent
2068 1136 2250 1161 canones.-
2270 1130 2306 1160 et
2318 1125 2418 1172 quod

1356 1181 1572 1212 sanctorum
1600 1177 1757 1213 Patrum
1785 1178 2005 1213 documento
2032 1177 2214 1213 sancitum
2249 1188 2322 1213 non
2352 1183 2415 1224 est,

1356 1229 1608 1276 superstitiosa
1635 1230 1898 1266 adinventione
1916 1242 1990 1266 non
2019 1235 2074 1266 est
2085 1230 2415 1278 praesumendum.

1357 1283 1571 1331 Spontanea
1591 1282 1688 1318 enim
1718 1283 1948 1331 confessione
1974 1283 2034 1319 vel
2059 1284 2203 1319 testium
2231 1283 2416 1330 approba-

1357 1332 1456 1371 tione
1477 1335 1670 1383 publicata
1698 1335 1842 1381 delicta,
1871 1336 1996 1372 habito
2020 1347 2117 1385 prae
2145 1335 2260 1372 oculis
2283 1336 2358 1371 Dei
2375 1336 2417 1371 ti-

1356 1399 1482 1433 more,
1513 1399 1687 1424 concessa
1728 1394 1816 1424 sunt
1850 1394 1976 1425 nostro
2018 1389 2197 1438 regimini
2235 1388 2414 1424 iudicare.

1361 1440 1513 1477 Occulta
1532 1452 1622 1477 vero
1642 1447 1678 1477 et
1705 1441 1895 1490 incognita
1916 1441 1971 1477 illi
1986 1447 2072 1478 sunt
2090 1441 2332 1489 relinquenda
2353 1441 2418 1489 qui

1359 1508 1378 1525 <a
1400 1493 1501 1529 solus
1536 1494 1640 1530 novit
1675 1494 1790 1530 corda
1823 1494 1992 1539 filiorum
2029 1495 2223 1531 hominum
2246 1509 2280 1530 ».
2310 1515 2334 1522 -
2369 1495 2417 1530 Et

1358 1546 1492 1582 eadem
1530 1546 1624 1582 ratio
1662 1546 1815 1583 videtur
1851 1559 1934 1583 esse
1972 1548 2018 1584 de
2060 1548 2143 1594 lege
2181 1547 2414 1584 duellorum:

1357 1598 1428 1634 nisi
1456 1599 1561 1646 quod
1588 1599 1674 1646 plus
1702 1599 1848 1636 accedit
1875 1601 1923 1636 ad
1953 1612 2201 1636 communem
2231 1599 2416 1636 rationem

1358 1651 1529 1698 sortium,
1558 1651 1784 1700 inquantum
1813 1664 1891 1688 non
1930 1660 2147 1700 expectatur
2174 1652 2225 1689 ibi
2257 1653 2416 1690 miracu-

1357 1705 1461 1740 losus
1501 1703 1678 1750 effectus3
1717 1704 1787 1741 nisi
1823 1705 1918 1741 forte
1962 1707 2117 1754 quando
2154 1705 2298 1753 pugiles
2332 1713 2418 1742 sunt

1357 1757 1470 1794 valde
1499 1756 1665 1806 impares
1691 1757 1830 1794 virtute
1858 1758 1920 1794 vel
1949 1766 2038 1795 arte.

1741 1831 1755 1839 q

1409 1871 1438 1904 π)
1458 1871 1514 1896 tibi.
1526 1885 1545 1890 -
1562 1871 1606 1897 cui
1624 1872 1669 1901 Pa,
1689 1879 1742 1896 om.
1762 1871 1785 1902 13
1804 1879 1853 1904 pro
1871 1871 1895 1896 ei
1914 1871 1959 1903 qui
1977 1878 2028 1896 non
2048 1871 2167 1899 haberet,
2187 1871 2224 1896 eis
2242 1871 2288 1903 qui
2306 1879 2358 1896 non
2373 1872 2419 1896 ha-

1355 1907 1446 1931 berent
1461 1907 1559 1935 PDLa,·
1573 1915 1621 1939 pro
1635 1910 1814 1935 occurrerent,
1829 1909 1974 1932 occurrant
1987 1907 2020 1937 P;
2035 1914 2083 1939 pro
2095 1913 2161 1939 erga
2175 1910 2208 1936 te,
2224 1910 2335 1939 urgente
2348 1907 2418 1936 PsK3

1354 1949 1402 1974 pro
1421 1942 1529 1975 legeres,
1549 1942 1660 1975 eligeres
1677 1942 1725 1967 Pa.

1409 1977 1433 2010 ρ)
1453 1978 1606 2003 ordinatur.
1617 1991 1637 1996 —
1654 1977 1818 2002 ordinantur
1836 1977 1945 2002 ABEFI.

918 2065 1252 2098 Commentaria
1274 2064 1527 2098 Cardinalis
1549 2065 1750 2098 Caietam

263 2152 293 2185 Ν
312 2153 444 2187 articulo
469 2159 582 2184 octavo
601 2153 745 2184 eiusdem
768 2153 965 2204 quaestionis
985 2153 1303 2194 nonagesimaequin-

263 2200 331 2243 tae,
355 2199 481 2229 adverte
504 2197 589 2228 unde
613 2205 712 2228 sortes
735 2198 840 2239 primo
864 2197 1051 2228 iudicandae
1075 2197 1303 2228 sunt2sci1icet

239 2238 280 2274 ei
298 2248 402 2279 eausa,
419 2253 459 2272 an
479 2248 658 2282 expectetur
681 2242 816 2272 sortium
837 2249 966 2272 eventus
983 2253 1001 2272 a
1017 2242 1096 2278 Deo,
1113 2252 1154 2272 an
1170 2252 1188 2271 a
1204 2241 1301 2277 caelo,

239 2280 280 2328 ati
302 2297 320 2318 a
343 2286 486 2323 fortuna,
511 2296 551 2316 an
579 2297 596 2316 a
619 2287 784 2317 daemone.
820 2286 881 2316 Hic
904 2286 988 2316 enim
1013 2292 1139 2326 oportet
1162 2285 1303 2325 primum

239 2329 338 2362 iacere
361 2330 514 2373 lapidem:
547 2330 702 2372 quoniam
725 2330 787 2360 hoc
811 2337 930 2370 spectat
960 2330 999 2360 ad
1023 2330 1179 2360 rationem
1210 2329 1303 2359 sortis

238 2373 275 2406 111
288 2369 465 2406 communi.
490 2375 588 2405 Multa
606 2381 714 2407 autem
729 2375 788 2404 alia
803 2374 1030 2405 consideranda
1046 2381 1120 2404 sunt
1139 2383 1220 2415 quae
1237 2383 1304 2413 spe-

239 2412 324 2456 εἶάῃῑ·
346 2419 385 2449 ad
409 2418 564 2449 rationem
587 2418 680 2449 sortis
704 2419 783 2455 talis,
807 2425 884 2458 puta
908 2418 1084 2454 divisoriae,
1104 2418 1155 2448 vel
1178 2418 1304 2448 consul-

238 2456 350 2511 101130,
370 2462 421 2494 vel
445 2463 658 2494 divinatoriae.
688 2463 729 2493 Et
751 2469 918 2503 propterea
941 2462 1045 2502 primo
1070 2462 1150 2492 circa
1172 2471 1302 2492 examen

239 2499 407 2540 caiisarum
436 2507 648 2543 versabimur,
685 2513 716 2537 et
748 2507 861 2537 deinde
891 2507 931 2536 ad
961 2506 1107 2546 specialia
1137 2505 1304 2537 descendet

240 2547 355 2599 sermo.

288 2595 326 2626 81
346 2594 445 2636 igitur
463 2601 562 2625 sortes
582 2604 618 2624 ea
633 2594 754 2625 ratione
774 2601 975 2625 exerceantur
995 2601 1031 2624 ut
1053 2604 1071 2624 a
1087 2595 1157 2624 Deo
1180 2594 1234 2625 fiat
1257 2595 1303 2624 di-

238 2639 330 2676 visio,
354 2639 525 2673 consilium
540 2639 591 2669 vel
614 2638 764 2679 cognitio,
785 2639 952 2669 necessitas
968 2638 1136 2679 requiritur
1152 2639 1305 2669 inducens

151 2718 167 2727 Τ
179 2711 194 2725 .,
215 2715 218 2718 ,
240 2683 279 2725 ad
295 2689 404 2719 sortes,
429 2690 465 2714 ut
487 2683 520 2713 in
538 2683 639 2713 littera
659 2683 781 2719 dicitur,
798 2689 834 2713 ut
848 2682 907 2713 Dei
922 2683 1052 2713 tentatio
1067 2679 1211 2719 evitetur,
1230 2693 1303 2713 cum

240 2727 307 2769 aliis
331 2726 566 2758 conditionibus
589 2726 623 2756 in
645 2727 747 2757 littera
770 2727 960 2766 explanatis:
990 2726 1107 2757 scilicet
1137 2733 1172 2757 ut
1194 2727 1234 2758 sit
1257 2737 1303 2758 re·
1329 2726 1331 2756 l

239 2770 379 2802 verentia
402 2780 439 2801 ex
461 2777 549 2811 parte
571 2770 711 2801 hominis
733 2770 919 2801 recurrentis
942 2771 981 2801 ad
997 2778 1112 2806 sortes;
1137 2771 1304 2811 proportio
1329 2809 1331 2812 .

242 2818 382 2856 e‘x'parte
397 2821 494 2852 actus,
511 2821 547 2845 ut
563 2814 679 2845 scilicet
694 2814 799 2845 divina
823 2815 959 2851 oracula,
981 2821 1058 2854 puta
1081 2815 1252 2854 Evangelia
1275 2821 1306 2846 et
1329 2833 1331 2840 ¹

241 2858 437 2894 huiusmodi,
462 2869 529 2889 non
545 2865 767 2889 convertantur
790 2859 830 2888 ad
853 2865 952 2888 sortes
975 2868 1034 2898 pro
1058 2859 1302 2898 temporalibus;

242 2910 275 2934 et
296 2902 462 2944 dispositio
486 2909 523 2933 ex
545 2909 632 2942 parte
651 2902 808 2938 materiae,
829 2909 865 2932 ut
887 2902 1004 2932 scilicet
1027 2912 1091 2932 non
1114 2902 1153 2932 sit
1176 2903 1305 2933 materia

242 2947 402 2988 prohibita
423 2945 490 2977 fieri
519 2956 576 2986 per
598 2952 717 2982 sorteS‚
742 2952 778 2976 ut
800 2953 875 2976 sunt
897 2946 1065 2976 electiones
1093 2946 1304 2986 spiritualium

163 3005 173 3015 a
200 3032 202 3035 v
242 2991 466 3032 praelatorum,
490 2997 526 3021 ut
548 2997 633 3030 patet
655 2990 760 3026 Extra,
783 2990 822 3020 de
845 2990 1038 3030 Sortilegiis‚
1063 2999 1131 3029 cap.
1157 2990 1214 3020 ult.

299 3036 336 3066 11.
362 3035 394 3066 Si
417 3044 492 3065 vero
522 3040 620 3065 sortes
645 3040 844 3071 exerceantur
872 3039 908 3064 ut
935 3033 1062 3064 effectus
1086 3040 1264 3074 expectetur
1287 3044 1305 3064 a

243 3080 341 3116 caelo,
366 3078 624 3118 distinguendum
648 3083 702 3108 est.
728 3077 813 3115 Quia
837 3084 891 3108 aut
914 3084 1094 3118 expectatur
1116 3088 1134 3107 a
1154 3077 1240 3108 caelo
1257 3087 1304 3108 ra-

241 3124 330 3154 tione
349 3122 552 3153 subiectionis
567 3128 698 3152 actuum
714 3129 897 3153 nostrorum
912 3121 1169 3152 concurrentium
1183 3122 1223 3152 ad
1239 3131 1305 3152 sor-

243 3175 304 3198 tes:
335 3167 444 3208 quales
477 3173 551 3196 sunt
580 3165 738 3196 extrahere
771 3166 896 3207 paleam
931 3173 987 3197 aut
1012 3166 1174 3202 cedulam,
1205 3165 1304 3196 iacere

243 3211 336 3252 plura
359 3217 487 3252 puncta,
512 3216 543 3241 et
564 3209 760 3241 huiusmodi.
792 3209 834 3240 Et
856 3210 919 3240 hoc
940 3210 974 3240 in
997 3209 1099 3240 littera
1122 3211 1303 3240 damnatur:

243 3255 318 3298 quia
341 3262 428 3286 actus
452 3253 551 3285 nostri
574 3264 641 3284 non
664 3254 799 3284 subsunt
822 3254 919 3285 caelo.
943 3254 1013 3293 Ego
1033 3261 1139 3284 autem
1162 3253 1303 3294 intelligo

243 3299 324 3330 lianc
348 3298 586 3329 damnationem
608 3298 737 3338 quando
757 3297 828 3340 quis
848 3297 947 3328 utitur
962 3298 1076 3328 nostris
1093 3298 1213 3329 actibus
1237 3305 1304 3328 tan-

243 3352 343 3384 quam
366 3343 510 3373 absolute
538 3349 633 3382 atque
661 3341 843 3382 simpliciter
873 3342 1019 3372 subiectis
1050 3342 1152 3372 caelo:
1185 3349 1216 3372 et
1239 3352 1304 3372 non

244 3388 374 3429 quando
405 3387 476 3428 quis
500 3386 599 3417 utitur
622 3386 741 3416 eisdem
762 3386 813 3416 vel
835 3393 870 3416 ut
893 3396 959 3416 non
983 3385 1158 3416 deliberatis
1182 3393 1213 3416 et
1239 3393 1305 3416 tan-

244 3440 343 3472 quam
366 3441 431 3462 non
455 3429 612 3466 humanis,
628 3430 678 3460 vel
703 3437 738 3460 ut
752 3429 926 3470 aliqualiter
942 3431 1029 3460 caelo
1046 3429 1179 3460 subditis
1198 3430 1306 3470 quoad

244 3474 482 3526 inclinationem
497 3472 551 3518 (ad
567 3474 619 3504 illa
633 3481 739 3504 tamen
756 3483 837 3514 quae
854 3473 941 3504 caelo
958 3472 1115 3516 subsunt).
1142 3473 1306 3511 Quoniam

245 3518 349 3559 primo
356 3519 468 3549 modo
493 3523 546 3549 est
556 3518 599 3548 ibi
618 3518 752 3548 falsitas:
777 3517 916 3548 secundo
937 3524 1052 3554 autem,
1074 3528 1139 3548 non
1160 3525 1206 3549 est
1225 3524 1306 3548 certa

245 3555 372 3594 falsitas·
402 3563 443 3593 Et
465 3570 631 3604 propterea
661 3572 727 3592 non
751 3568 796 3592 est
819 3561 1012 3597 damnanda,
1037 3562 1091 3592 sed
1114 3561 1240 3592 vitanda
1271 3571 1306 3592 ac

1356 2152 1506 2183 timenda.
1535 2153 1575 2183 Et
1597 2152 1684 2184 iuxta
1706 2153 1792 2183 hunc
1807 2163 1937 2183 sensum
1959 2152 2098 2192 intellige
2113 2153 2260 2183 Auctoris
2276 2154 2370 2184 verba
2385 2154 2418 2184 in

1357 2197 1397 2226 111
1417 2197 1507 2227 Cont.
1518 2197 1622 2234 Gent.‚
1633 2207 1700 2237 cap.
1711 2207 1789 2233 cmv,
1802 2207 1876 2227 cum
1889 2197 1963 2227 dicit
1979 2197 2017 2226 de
2030 2196 2162 2227 somniis
2175 2204 2206 2227 et
2220 2197 2325 2236 signis,
2348 2205 2417 2234 etc„

1357 2242 1445 2281 quod
1469 2242 1616 2272 reducere
1641 2251 1675 2271 ea
1699 2241 1730 2271 in
1756 2251 1889 2281 corpora
1913 2241 2055 2271 caelestia
2077 2241 2171 2271 habet
2193 2241 2348 2272 modicam
2366 2252 2418 2272 ra-

1356 2286 1487 2323 tionem,
1512 2286 1638 2316 et‘ideo
1663 2285 1906 2315 existimandum
1930 2292 1976 2315 est
1999 2285 2088 2325 quod
2110 2285 2148 2315 ab
2172 2285 2280 2325 aliquo
2304 2295 2420 2325 cogno·

1356 2336 1460 2359 scente
1476 2328 1563 2359 fiant.
1585 2329 1702 2369 Accipe
1721 2329 1797 2359 haec
1812 2336 1848 2359 ut
1864 2329 1945 2360 dicta
1964 2339 2022 2369 pro
2039 2329 2155 2359 tutiore
2174 2337 2271 2369 parte,
2288 2329 2328 2359 ad
2344 2339 2418 2360 con-

1356 2373 1526 2403 sulendum
1549 2383 1630 2414 quae
1654 2373 1786 2403 sanioris
1811 2373 1970 2403 doctrinae
1992 2379 2080 2404 sunt:
2106 2383 2172 2403 non
2188 2374 2227 2403 ad
2243 2373 2418 2404 damnatio-

1355 2427 1429 2447 nem
1454 2417 1691 2448 defendentium
1714 2417 1790 2447 haec
1814 2416 1880 2447 fieri
1904 2417 2097 2458 quandoque
2119 2427 2136 2447 a
2157 2417 2254 2448 caelo.
2279 2417 2320 2448 Et
2342 2418 2419 2448 haec

1356 2461 1487 2492 dixerim
1510 2469 1544 2492 ut
1561 2461 1616 2502 qui
1630 2462 1740 2501 legunt
1756 2469 1811 2492 aut
1835 2462 1950 2491 docent
1972 2471 2038 2491 non
2062 2461 2124 2491 sint
2139 2461 2339 2501 praecipites:
2365 2463 2419 2492 sed

1356 2512 1485 2536 caveant
1509 2505 1567 2536 sibi
1591 2513 1622 2536 et
1645 2506 1728 2542 aliis;
1754 2516 1820 2536 non
1841 2506 1992 2535 damnent
2014 2512 2120 2536 tamen
2138 2515 2192 2535 eos
2209 2506 2275 2546 qui,
2293 2506 2419 2536 servatis

1356 2549 1500 2590 superius
1516 2549 1534 2568 *
1556 2549 1656 2585 dictis,
1681 2557 1804 2580 tantum
1828 2549 1886 2579 sibi
1911 2550 1948 2579 de
1972 2549 2058 2580 caelo
2081 2549 2280 2589 promittunt.

1411 2597 1477 2624 Aut
1494 2600 1674 2634 expectatur
1690 2601 1819 2624 eventus
1833 2593 1970 2624 sortium
1983 2604 2000 2624 a
2017 2593 2103 2624 caelo
2119 2594 2240 2624 ratione
2256 2594 2324 2624 talis
2340 2601 2418 2624 tem-

1357 2638 1459 2677 poris:
1484 2645 1560 2678 puta
1585 2638 1659 2679 quia
1675 2638 1811 2668 occurrit
1833 2645 1910 2668 tunc
1928 2645 2055 2677 tempus
2071 2648 2146 2668 suae
2163 2638 2356 2669 exaltationis
2373 2649 2419 2668 se-

1358 2683 1499 2712 cundum
1523 2682 1743 2722 astrologiam,
1769 2689 1799 2712 et
1825 2689 1992 2722 propterea
2016 2689 2119 2722 sperat
2143 2683 2231 2722 quod
2255 2682 2363 2712 omnia
2385 2683 2418 2712 in

1357 2727 1474 2767 quibus
1497 2726 1599 2766 agitur
1631 2727 1669 2756 de
1692 2727 1762 2766 ipso
1791 2726 1914 2756 caelum
1937 2725 2116 2761 inclinabit,
2141 2727 2317 2756 secundum
2346 2736 2417 2756 suas

1356 2771 1446 2806 vires,
1467 2770 1499 2800 in
1524 2770 1744 2800 exaltationem
1767 2770 1876 2810 ipsius,
1901 2777 1931 2799 et
1954 2769 1997 2799 sic
2021 2769 2102 2800 forte
2126 2770 2214 2800 cadet
2233 2780 2300 2800 sors
2324 2780 2419 2809 super

1356 2814 1448 2845 illum
1470 2814 1523 2844 illa
1546 2814 1634 2844 hora.
1660 2813 1847 2844 Consolatio
1871 2813 1991 2854 quippe
2013 2813 2081 2849 ista,
2106 2813 2178 2844 licet
2199 2814 2276 2844 levis
2292 2813 2340 2849 sit,
2366 2814 2418 2843 da-

1357 2858 1495 2888 mnanda
1518 2864 1624 2888 tamen
1647 2867 1713 2888 non
1738 2865 1792 2888 est.

1412 2902 1453 2932 Et
1475 2902 1552 2932 haec
1571 2901 1680 2932 omnia
1702 2901 1864 2932 toleranda
1887 2901 2054 2940 praecipue
2077 2908 2151 2931 sunt
2166 2901 2295 2941 quando
2319 2908 2418 2931 sortes

1358 2955 1424 2985 non
1438 2944 1519 2975 fiunt
1542 2945 1679 2985 praecise
1703 2952 1832 2985 propter
1851 2945 2015 2975 caelestem
2039 2945 2205 2981 actionem,
2224 2945 2278 2975 sed
2302 2945 2416 2985 partim

1358 3001 1374 3020 3
1390 2986 1526 3025 fortuna,
1544 2989 1658 3030 partim
1682 3000 1700 3019 a
1716 2989 1813 3026 caelo,
1830 2988 1945 3029 partim
1968 2999 1986 3018 a
2009 2988 2114 3019 divina
2129 2988 2326 3029 providentia
2349 2999 2418 3029 spe-

1357 3041 1451 3065 ratur.

1414 3077 1465 3108 111.
1491 3077 1522 3107 Si
1547 3084 1654 3108 autem
1677 3076 1823 3107 fortunae
1847 3076 2055 3107 committitur
2078 3083 2207 3107 eventus
2231 3087 2287 3117 per
2310 3084 2418 3113 sortes,

1357 3129 1432 3152 tunc
1452 3131 1488 3151 ex
1507 3131 1619 3160 genere
1636 3131 1695 3151 suo
1720 3121 1846 3151 nullum
1869 3127 2036 3160 peccatum
2051 3128 2195 3160 apparet:
2221 3121 2275 3151 sed
2298 3121 2418 3151 ratione

1358 3175 1478 3202 causae,
1503 3171 1580 3205 puta
1596 3165 1621 3195 si
1639 3175 1675 3195 ex
1696 3165 1821 3195 levitate
1841 3164 1932 3201 fiant;
1956 3165 2006 3195 vel
2025 3165 2146 3195 ratione
2165 3165 2322 3201 materiae,
2343 3172 2420 3205 puta

1358 3209 1434 3250 quia
1456 3209 1489 3239 in
1512 3209 1560 3239 his
1584 3219 1665 3250 quae
1689 3219 1744 3249 per
1768 3208 1955 3240 electionem
1977 3208 2043 3239 fieri
2068 3209 2190 3245 debent,
2216 3215 2270 3239 aut
2293 3209 2419 3239 aliunde

1358 3263 1456 3294 quam
1473 3263 1509 3284 ex
1525 3254 1652 3284 fortuna
1671 3253 1820 3293 cognosci
1843 3260 1897 3283 aut
1919 3253 2026 3283 haberi
2042 3253 2165 3288 debent,
2182 3259 2346 3292 peccatum
2364 3259 2418 3283 est.

1358 3299 1399 3328 Et
1421 3297 1576 3339 quoniam
1599 3304 1664 3328 tarn
1684 3297 1824 3334 consilia,
1842 3307 1939 3338 quam
1963 3296 2144 3327 futurorum
2167 3303 2197 3326 et
2219 3297 2418 3327 occultorum

1359 3342 1565 3382 cognitioneS,
1586 3349 1616 3372 et
1635 3341 1833 3382 magistratus
1850 3348 1944 3381 atque
1961 3340 2072 3376 officia,
2097 3350 2133 3370 ex
2157 3340 2261 3370 divina
2284 3347 2338 3370 aut
2361 3342 2418 3371 hu-

1359 3396 1453 3416 mana
1469 3385 1667 3425 providentia
1683 3385 1812 3425 agenda,
1830 3385 2005 3415 secundum
2020 3391 2136 3414 rectam
2152 3384 2316 3420 rationem,
2332 3392 2418 3420 sunt;

1359 3430 1431 3460 ideo
1462 3439 1519 3460 nec
1549 3440 1616 3460 sors
1645 3429 1854 3464 consultoria,
1880 3438 1936 3458 nec
1960 3428 2161 3464 divinatoria‚
2187 3438 2244 3459 nec
2273 3428 2419 3459 divisoria

1359 3473 1589 3514 praelationum
1614 3480 1645 3504 et
1668 3473 1917 3513 magistratuum,
1942 3472 2034 3502 debet
2058 3482 2123 3502 esse
2148 3471 2285 3503 fortuita.

1416 3517 1472 3548 Est
1495 3523 1600 3548 tamen
1626 3517 1677 3547 hic
1701 3516 1864 3547 dubitandi
1887 3516 1992 3546 locus:
2018 3516 2171 3556 quoniam
2195 3516 2228 3546 in
2250 3516 2351 3547 littera
2376 3516 2419 3546 di-

1361 3561 1440 3592 citur
1463 3571 1528 3591 non
1553 3571 1619 3591 esse
1643 3567 1807 3601 peccatum
1832 3560 1877 3590 uti
1901 3559 2037 3590 sortibus
2061 3560 2215 3591 divisoriis
2245 3561 2275 3590 in
2301 3566 2418 3600 tempo-

2443 1017 2453 1025 ·
2469 1014 2560 1042 Quinti.
2571 1025 2582 1031 -
2597 1014 2654 1037 Can.

2444 1041 2597 1065 coneuluisti.

2446 2549 2456 2558 ⁴
2463 2547 2498 2569 ef.
2504 2551 2547 2569 art.
2552 2554 2574 2571 v.
2584 2547 2617 2569 Co
2621 2553 2657 2569 m-

2446 2577 2516 2595 ment.
