2860 4244
952 269 1219 316 QUAESTIO
1248 270 1406 317 LXXII,
1434 269 1731 308 ARTICULUS
1760 270 1792 306 11

2386 280 2456 317 129

1050 386 1368 429 ARTICULUS
1405 387 1705 430 SECUNDUS

651 480 806 511 UTRUM
830 479 1128 518 CONTUMEmA,
1153 481 1232 511 SEU
1257 481 1510 518 CONvmmM,
1535 481 1602 512 slr
1625 481 1863 514 PEccATUM
1886 482 2097 514 MORTALE

950 557 1025 588 Infra,
1043 565 1090 590 qu.
1108 565 1195 588 crvxu,
1214 564 1260 583 art.
1281 558 1304 588 5,
1324 558 1356 584 ad
1377 558 1406 590 35
1424 558 1469 583 Ad
1489 559 1558 588 Gal„
1577 566 1633 591 cap.
1650 567 1687 591 111,
1707 560 1765 585 lect.
1780 567 1799 586 1.

287 845 494 883 conviciari
522 854 579 884 est
605 853 713 883 actus
741 846 898 884 alicuius
925 846 1087 895 virtutis,
1118 847 1258 884 scilicet
1285 859 1351 884 eu-

286 898 478 947 trapeliae,
508 899 557 937 ad
585 911 703 948 quam
730 899 892 948 pertinet
919 900 1017 937 bene
1047 900 1265 947 conviciari,
1293 911 1351 936 se-

289 951 459 989 cundum
479 952 769 1001 Philosophum,
790 952 828 990 in
849 953 900 990 IV
913 953 1032 989 Ethic.
1053 953 1074 974 *
1099 954 1200 1000 Ergo
1222 952 1352 989 convi-

289 1004 403 1051 cium,
425 1004 505 1042 sive
522 1006 764 1052 contumelia,
786 1017 866 1042 non
886 1013 942 1042 est
955 1012 1158 1054 peccatum
1177 1005 1350 1043 mortale.

343 1069 378 1094 2.
400 1058 634 1106 PRAETEREA,
654 1065 856 1108 peccatum
879 1058 1038 1094 mortale
1059 1069 1138 1094 non
1161 1057 1352 1095 invenitur

289 1109 328 1147 in
346 1110 437 1147 viris
464 1111 651 1160 perfectis.
688 1111 766 1157 Qui
793 1117 924 1147 tamen
949 1109 1154 1158 aliquando
1175 1115 1193 1131 α
1222 1110 1352 1147 convi-

290 1162 348 1199 cia
361 1164 423 1200 vel
439 1164 687 1201 contumelias
704 1163 848 1200 dicunt:
865 1162 960 1199 sicut
974 1170 1077 1211 patet
1092 1163 1140 1200 de
1151 1164 1351 1212 Apostolo,

290 1215 368 1264 qui,
397 1216 450 1254 ad
478 1215 563 1254 Gal.
584 1228 620 1253 111
637 1215 669 1263 ²⁸,
691 1214 800 1253 dixit:
836 1214 868 1252 Ο
891 1215 1070 1252 insensati
1095 1215 1273 1254 Galatae!
1305 1217 1354 1254 Et

290 1267 482 1306 Dominus
502 1267 602 1317 dicit,
619 1269 713 1306 Luc.
732 1269 797 1305 ult.
818 1267 856 1305 *z
887 1269 918 1306 Ο
935 1269 1045 1315 stulti,
1071 1275 1106 1306 et
1124 1269 1224 1306 tardi
1241 1269 1354 1306 corde

289 1321 342 1358 ad
357 1320 606 1358 credendum!
633 1321 736 1369 Ergo
756 1321 987 1370 convicium,
1008 1321 1088 1359 sive
1110 1322 1352 1371 contumelia,

289 1383 368 1412 non
397 1380 453 1411 est
478 1382 681 1424 peccatum
709 1375 882 1411 mortale.

209 1448 211 1450 -
271 1467 283 1469 4
314 1427 382 1467 ⁷⁷3.
399 1426 636 1473 ΡΜΕΤΕΚΕΑ,
664 1427 839 1476 quamvis
866 1426 906 1464 id
934 1427 1040 1476 quod
1069 1435 1124 1464 est
1150 1436 1352 1477 peccatum

287 1479 439 1517 veniale
458 1491 506 1517 ex
525 1492 664 1528 genere
683 1480 804 1529 possit
821 1480 904 1517 fieri
931 1480 1103 1528 mortale,
1126 1492 1205 1517 non
1224 1488 1354 1518 tamen

288 1540 492 1582 peccatum
511 1533 618 1582 quod
642 1544 688 1570 ex
705 1545 845 1581 genere
866 1540 922 1570 est
940 1534 1101 1570 mortale
1125 1540 1251 1582 potest
1271 1546 1354 1571 esse

187 1605 196 1616 ι
222 1595 264 1639 «¹¹3
289 1585 452 1634 veniale,
479 1594 522 1623 ut
540 1598 656 1636 supra
672 1585 693 1607 ’⁸
720 1586 894 1623 habitum
923 1593 989 1622 est.
1020 1585 1060 1623 Si
1085 1598 1174 1634 ergo
1195 1586 1321 1624 dicere
1339 1585 1355 1616 β

291 1638 508 1677 convicium
527 1639 591 1676 vel
615 1639 887 1676 contumeliam
907 1645 1006 1676 esset
1031 1647 1233 1688 peccatum
1252 1651 1355 1676 mor-

290 1691 364 1729 tale
383 1702 430 1730 ex
447 1704 587 1741 genere
610 1704 694 1739 su0,
714 1699 934 1742 sequeretur
952 1691 1059 1741 quod
1084 1704 1238 1741 semper
1257 1700 1355 1730 esset

289 1750 492 1794 peccatum
519 1745 692 1782 mortale.
723 1745 840 1792 Quod
858 1744 1010 1782 videtur
1029 1757 1110 1782 esse
1130 1745 1285 1783 falsum:
1313 1753 1356 1783 ut

289 1805 396 1847 patet
419 1797 468 1836 in'
489 1808 536 1834 eo
555 1798 621 1848 qui
649 1798 782 1836 leviter
808 1805 844 1835 et
872 1810 917 1835 ex
942 1798 1200 1847 subreptione,
1219 1800 1282 1836 vel
1309 1811 1354 1836 ex

289 1848 366 1905 levi
385 1850 439 1888 ira
454 1849 544 1888 dicit
557 1850 714 1900 aliquod
727 1852 892 1889 verbum
906 1851 1241 1888 contumeliosum.
1262 1852 1355 1890 Non

292 1905 383 1952 ergo
402 1903 630 1942 contumelia
648 1905 712 1942 vel
738 1904 955 1942 convicium
980 1915 1026 1941 ex
1044 1916 1183 1952 genere
1207 1917 1277 1942 suo
1299 1913 1356 1943 est

291 1964 494 2008 peccatum
521 1957 695 1994 mortale.

345 2009 422 2048 SED
450 2019 615 2058 CONTRA,
643 2009 735 2047 nihil
763 2016 931 2047 meretur
956 2021 1127 2058 poenam
1159 2000 1354 2048 aeternam
1380 2029 1383 2038 =

291 2062 427 2101 inferni
447 2062 519 2101 nisi
537 2069 737 2114 peccatum
757 2062 929 2100 mortale.
960 2062 1038 2099 Sed
1057 2062 1272 2100 convicium
1292 2065 1355 2101 vel

293 2115 526 2155 contumelia
551 2123 720 2153 meretur
746 2127 915 2164 poenam
942 2115 1098 2154 inferni:
1141 2117 1354 2154 secundum

291 2169 385 2207 illud
413 2168 548 2207 Matth.
568 2181 592 2206 v
611 2169 652 2206 *z
695 2169 770 2211 Qui
799 2168 939 2206 dixerit
951 2170 1077 2217 fratri
1102 2181 1189 2215 suo,
1221 2170 1354 2217 Fatue,

293 2233 380 2260 reus
398 2222 470 2259 erit
484 2221 682 2272 gehennae
700 2222 811 2272 ignis.
831 2221 935 2270 Ergo
951 2221 1169 2260 convicium
1187 2223 1250 2260 vel
1266 2235 1356 2260 con-

292 2275 450 2313 tumelia
477 2282 534 2312 est
559 2281 762 2324 peccatum
790 2275 962 2312 mortale.

346 2328 574 2366 Responnso
589 2339 775 2366 DICENDUM
789 2327 908 2376 quod,
930 2327 1026 2365 sicut
1043 2339 1158 2377 supra
1171 2328 1192 2350 ²¹⁸
1212 2328 1355 2366 dictum

293 2388 362 2430 est,
379 2381 502 2419 verba
521 2381 749 2431 inquantum
769 2388 857 2418 sunt
876 2380 961 2418 soni
979 2379 1150 2430 quidam,
1166 2384 1248 2418 'non
1268 2390 1356 2419 sunt

293 2434 332 2472 in
359 2442 636 2472 nocumentum
665 2434 840 2481 aliorum,
870 2434 938 2472 sed
966 2432 1190 2482 inquantum
1216 2434 1356 2483 signifi-

293 2488 381 2536 cant
407 2487 561 2536 aliquid.
605 2487 715 2535 Quae
743 2486 902 2535 quidem
930 2486 1154 2535 significatio
1184 2499 1228 2524 ex
1262 2487 1356 2525 inte-

292 2539 383 2579 riori
419 2539 560 2578 affectu
585 2539 771 2589 procedit.
813 2540 863 2577 Et
890 2539 978 2577 ideo
1010 2539 1049 2576 in
1080 2540 1244 2589 peccatis
1271 2552 1356 2578 ver-

292 2593 432 2631 borum
466 2592 631 2631 maxime
668 2592 991 2630 considerandum
1025 2592 1176 2630 videtur
1204 2605 1249 2630 ex
1277 2605 1354 2642 quo

293 2646 433 2685 affectu
460 2646 593 2696 aliquis
619 2647 741 2683 verba
771 2646 950 2695 proferat.
993 2645 1096 2683 Cum
1128 2645 1239 2695 igitur
1266 2659 1355 2684 con-

291 2699 448 2747 vicium,
477 2712 545 2740 seu
574 2699 816 2747 contumelia,
842 2699 890 2736 de
919 2699 976 2736 sui
1005 2698 1150 2736 ratione
1177 2699 1356 2748 importet

294 2752 488 2803 quandam
521 2752 882 2800 dehonorationem,
917 2752 948 2789 si
979 2750 1136 2790 intentio
1159 2753 1355 2802 proferen-

293 2804 340 2843 tis
358 2806 408 2842 ad
426 2804 501 2842 hoc
515 2805 654 2842 feratur
667 2812 709 2842 ut
728 2804 862 2854 aliquis
879 2817 950 2854 per
962 2805 1083 2843 verba
1097 2817 1197 2853 quae
1213 2806 1355 2855 profert

293 2858 483 2896 honorem
512 2857 664 2895 alterius
693 2859 849 2905 auferat,
878 2859 954 2895 hoc
980 2858 1134 2907 proprie
1163 2866 1200 2895 et
1224 2871 1294 2907 per
1314 2871 1354 2896 se

254 2926 255 2929 ¹
294 2919 351 2949 est
370 2910 494 2949 dicere
513 2916 529 2939 Υ
558 2910 776 2948 convicium
803 2911 866 2947 vel
896 2910 1177 2948 contumeliam.
1206 2911 1256 2948 Et
1278 2911 1354 2948 hoc

294 2971 352 3002 est
378 2970 577 3013 peccatum
604 2963 776 3011 mortale,
805 2975 884 3000 non
912 2963 1039 3000 minus
1067 2975 1184 3012 quam
1212 2964 1353 3001 furtum

1455 636 1496 674 Si
1510 649 1604 673 vero
1622 637 1757 686 aliquis
1771 639 1936 675 verbum
1951 638 2115 676 convicii
2128 639 2191 676 vel
2211 639 2463 676 contumeliae

1402 689 1506 726 alteri
1527 689 1667 736 dixerit,
1688 703 1767 727 non
1791 699 1920 728 tamen
1944 693 2072 728 animo
2094 692 2370 739 dehonorandi,
2396 692 2463 729 sed

1402 742 1497 778 forte
1534 750 1691 791 propter
1729 744 2003 781 correctionem
2039 746 2101 781 vel
2136 753 2292 794 propter
2324 744 2464 793 aliquid

1403 794 1636 843 huiusmodi,
1665 807 1744 832 non
1764 796 1852 833 dicit
1871 797 2087 834 convicium
2105 798 2167 835 vel
2192 797 2464 835 contumeliam

1403 847 1611 884 formaliter
1639 855 1676 884 et
1703 860 1772 896 per
1799 861 1858 896 se,
1889 850 1957 887 sed
1983 862 2054 899 per
2081 850 2256 888 accidens
2284 859 2320 887 et
2347 857 2464 887 mate·

1405 899 1561 946 rialiter,
1591 900 1818 948 inquantum
1850 902 1989 939 scilicet
2017 903 2105 939 dicit
2133 903 2171 940 id
2199 903 2305 951 quod
2332 904 2465 951 'potest

1405 964 1488 989 esse
1509 953 1725 990 convicium
1749 955 1812 990 vel
1842 955 2080 991 contumelia.
2111 956 2221 993 Unde
2247 957 2321 992 hoc
2340 963 2465 1004 potest

1406 1017 1488 1042 esse
1521 1006 1753 1054 quandoque
1787 1015 1989 1055 peccatum
2023 1008 2189 1053 veniale;
2233 1009 2464 1057 quandoque

1406 1065 1534 1095 autem
1562 1059 1706 1108 absque
1735 1059 1842 1096 omni
1878 1067 2048 1108 peccato.
2069 1082 2093 1088 -
2123 1062 2164 1097 ln
2185 1060 2198 1082 δ
2227 1073 2302 1109 quo
2338 1070 2465 1098 tamen

1405 1111 1620 1148 necessaria
1640 1119 1695 1148 est
1710 1111 1897 1160 discretio,
1917 1120 1960 1149 ut
1978 1113 2174 1150 moderate
2193 1115 2313 1150 homo
2330 1114 2465 1150 talibus

1406 1164 1533 1201 verbis
1561 1171 1697 1201 utatur.
1728 1164 1829 1211 Quia
1855 1173 1986 1213 posset
2015 1178 2095 1202 esse
2124 1166 2175 1202 ita
2201 1178 2316 1214 grave
2337 1167 2466 1203 convi-

1407 1216 1509 1254 cium
1529 1218 1644 1265 quod,
1660 1229 1728 1266 per
1746 1217 1973 1255 incautelam
1992 1218 2196 1267 prolatum,
2217 1219 2380 1256 auferret
2398 1219 2467 1256 ho-

1407 1281 1542 1307 norem
1558 1270 1638 1307 eius
1661 1277 1791 1308 contra
1806 1283 1922 1320 quem
1940 1271 2183 1320 proferretur.
2205 1271 2254 1308 Et
2271 1279 2361 1309 tunc
2378 1283 2467 1320 pos-

1407 1330 1464 1360 set
1490 1323 1610 1360 horno
1639 1335 1798 1372 peccare
1817 1323 2026 1361 mortaliter
2054 1324 2168 1362 etiam
2197 1324 2227 1361 si
2245 1337 2324 1361 non
2347 1324 2467 1361 inten-

1407 1376 1513 1413 deret
1533 1375 1876 1414 dehonorationem
1901 1376 2064 1414 alterius.
2095 1377 2200 1414 Sicut
2219 1377 2333 1414 etiam
2353 1377 2383 1414 si
2402 1377 2467 1414 ali-

1407 1428 1510 1477 quis,
1533 1429 1684 1468 incaute
1710 1428 1826 1466 alium
1857 1442 1902 1466 ex
1929 1430 2020 1467 ludo
2049 1430 2276 1479 percutiens,
2306 1429 2467 1478 graviter

1406 1481 1543 1529 laedat,
1574 1482 1685 1530 culpa
1712 1494 1791 1519 non
1820 1489 1931 1519 caret.

1461 1536 1520 1571 AD
1540 1546 1678 1571 PRIMUM
1697 1546 1794 1571 ERGO
1815 1546 1999 1572 mCENDUM
2018 1535 2123 1584 quod
2143 1535 2191 1572 ad
2207 1536 2443 1584 eutrapelum
2455 1541 2467 1557 ⁸

1406 1586 1571 1636 pertinet
1599 1586 1725 1624 dicere
1754 1587 1912 1636 aliquod
1939 1587 2023 1625 leve
2051 1587 2282 1636 convicium,
2310 1601 2389 1625 non
2417 1589 2467 1626 ad

1408 1639 1755 1677 dehonorationem
1781 1641 1845 1677 vel
1881 1640 1930 1677 ad
1959 1640 2284 1678 contristationem
2321 1641 2401 1678 eius
2429 1642 2468 1678 in

1407 1705 1524 1741 quem
1554 1692 1707 1740 dicitur,
1736 1692 1805 1730 sed
1833 1693 1959 1741 magis,
1991 1705 2106 1730 causa
2135 1692 2396 1731 delectationis
2432 1703 2468 1731 et

1407 1745 1480 1783 ioci
1499 1745 1523 1783 ζ.
1553 1745 1602 1783 Et
1629 1746 1704 1783 hoc
1732 1753 1858 1794 potest
1885 1757 1968 1783 esse
1997 1745 2076 1783 sine
2105 1754 2275 1795 peccato,
2306 1746 2336 1783 si
2365 1747 2469 1784 debi-

1408 1806 1469 1836 tae
1497 1798 1801 1836 circumstantiae
1830 1799 2093 1836 observantur.
2138 1799 2177 1836 Si
2204 1811 2299 1836 vero
2337 1799 2469 1848 aliquis

1408 1864 1487 1889 non
1515 1852 1734 1889 reformidet
1760 1852 1978 1889 contristare
2008 1865 2096 1889 eum
2117 1852 2154 1889 in
2182 1864 2299 1900 quem
2326 1853 2469 1901 profer-

1407 1913 1468 1942 tur
1503 1904 1724 1942 huiusmodi
1761 1904 1934 1942 iocosum
1978 1905 2193 1943 convicium
2207 1935 2217 1954 ,
2257 1904 2469 1943 dummodo

1408 1958 1489 1996 aliis
1516 1956 1633 1995 risum
1659 1957 1803 2006 excitet,
1824 1958 1899 1995 hoc
1927 1966 1984 1996 est
2009 1958 2202 2006 vitiosum,
2226 1966 2268 1995 ut
2292 1957 2471 1996 ibidem*

1410 2011 1554 2050 dicitur.

1462 2066 1521 2101 An
1548 2075 1739 2101 SECUNDUM
1770 2075 1954 2101 DICENDUM
1983 2065 2088 2113 quod
2123 2062 2219 2101 sicut
2244 2063 2387 2101 licitum
2416 2073 2471 2101 est

1409 2117 1575 2166 aliquem
1595 2117 1796 2154 verberare
1815 2117 1878 2154 vel
1896 2117 1935 2154 in
1955 2118 2068 2154 rebus
2090 2116 2336 2154 damnificare
2357 2130 2470 2155 causa

1411 2169 1642 2219 disciplinae,
1670 2170 1721 2207 ita
1750 2170 1865 2207 etiam
1894 2177 1929 2207 et
1958 2182 2072 2208 causa
2100 2169 2318 2219 disciplinae
2345 2178 2471 2220 potest

1410 2223 1543 2272 aliquis
1570 2222 1687 2270 alteri,
1707 2235 1825 2271 quem
1854 2223 1968 2260 debet
1996 2222 2196 2271 corrigere,
2215 2223 2380 2261 verbum
2406 2224 2471 2260 ali-

1410 2276 1517 2325 quod
1536 2275 1800 2314 conviciosum
1821 2275 1958 2314 dicere.
1987 2277 2036 2314 Et
2054 2277 2129 2314 hoc
2143 2275 2263 2314 modo
2278 2276 2470 2314 Dominus

1410 2328 1616 2378 discipulos
1643 2328 1798 2367 vocavit
1826 2329 1978 2376 stultos,
2009 2337 2044 2366 et
2074 2329 2283 2378 Apostolus
2318 2330 2471 2367 Galatas

1410 2382 1634 2425 insensatos.
1655 2403 1678 2409 -
1695 2382 1860 2430 Tamen,
1881 2381 1976 2419 sicut
1995 2381 2084 2420 dicit
2108 2382 2355 2431 Augustinus,
2374 2382 2414 2420 in
2432 2383 2472 2420 li-

1410 2435 1479 2472 bro
1508 2435 1554 2472 de
1581 2435 1700 2472 Serm.
1722 2435 1836 2472 Dom.
1866 2435 1904 2472 in
1931 2434 2068 2472 Monte
2085 2434 2116 2482 ²¹²,
2137 2447 2241 2481 raro,
2262 2442 2298 2472 et
2323 2447 2373 2471 ex
2392 2448 2471 2472 ma-

1408 2500 1489 2538 gna
1517 2487 1732 2525 necessitate
1759 2488 2040 2538 obiurgationes
2061 2494 2149 2525 sunt
2170 2488 2413 2535 adhibendae,
2433 2489 2470 2525 in

1409 2541 1542 2590 quibus
1570 2553 1646 2578 non
1675 2541 1798 2586 nobis,
1830 2541 1897 2578 sed
1923 2547 1964 2578 ut
1989 2542 2156 2579 Domino
2183 2542 2388 2588 serviatur,
2418 2543 2472 2578 in-

1408 2600 1558 2631 stemus.

1461 2650 1520 2685 AD
1535 2658 1698 2684 TERTmM
1716 2658 1902 2684 mcunnum
1916 2647 2034 2696 quod,
2056 2659 2144 2684 cum
2164 2654 2366 2695 peccatum
2382 2659 2472 2684 con-

1409 2700 1496 2738 vicii
1523 2700 1587 2737 vel
1621 2698 1876 2737 contumeliae
1906 2711 1949 2736 ex
1978 2699 2108 2737 animo
2138 2699 2295 2738 dicentis
2329 2701 2470 2748 depen-

1410 2753 1516 2801 deat,
1545 2759 1672 2802 potest
1707 2751 1924 2800 contingere
1961 2751 2066 2802 quod
2094 2753 2140 2789 sit
2169 2760 2370 2802 peccatum
2405 2765 2471 2789 ve-

1408 2805 1519 2854 niale,
1548 2806 1580 2842 si
1607 2805 1652 2843 sit
1679 2805 1764 2842 leve
1793 2805 2022 2853 convicium,
2051 2818 2131 2842 non
2158 2806 2322 2853 multum
2348 2805 2471 2842 homi-

1407 2870 1497 2896 nem
1526 2858 1793 2904 dehonestans,
1819 2865 1855 2894 et
1881 2858 2094 2906 proferatur
2123 2870 2167 2894 ex
2194 2858 2321 2906 aliqua
2354 2858 2470 2895 animi

1407 2911 1570 2958 levitate,
1598 2912 1661 2948 vel
1690 2923 1735 2948 ex
1753 2910 1829 2947 levi
1857 2910 1924 2958 ira,
1953 2911 2097 2959 absque
2130 2911 2245 2948 firmo
2272 2911 2470 2960 proposito

1408 2962 1573 3013 aliquem
1606 2963 1903 3001 dehonestandi:
1931 2971 2023 3012 puta
2061 2975 2150 3000 cum
2187 2963 2322 3012 aliquis
2351 2964 2471 3000 inten-

293 3017 356 3054 vel
385 3016 537 3066 rapina:
568 3029 647 3054 non
676 3016 778 3053 enirn
806 3016 926 3053 homo
955 3015 1081 3053 minus
1109 3023 1213 3054 amat
1239 3029 1352 3054 suum
1407 3016 1460 3054 dit
1487 3016 1654 3065 aliquem
1681 3028 1751 3065 per
1777 3015 1999 3054 huiusmodi
2026 3016 2191 3053 verbum
2218 3015 2351 3054 leviter
2380 3028 2471 3054 con-

294 3071 482 3107 honorem
511 3082 630 3119 quam
658 3081 739 3106 rem
768 3081 998 3118 possessam.

348 3183 374 3216 α)
393 3182 538 3215 aliquando
555 3195 575 3202 -
593 3183 655 3208 Om.
672 3183 810 3213 PEGH1a;
828 3188 888 3216 post
903 3183 1078 3209 contumelias
1097 3183 1194 3209 addunt
1210 3183 1357 3216 aliquando

294 3217 554 3250 PADEFGHIKch
573 3222 599 3243 et
615 3225 642 3244 a.

349 3252 374 3286 β)
395 3254 490 3278 dicere.
504 3268 522 3272 —
541 3253 674 3278 diceretur
693 3253 724 3283 G,
744 3253 844 3278 dicitur
863 3254 904 3279 ed.
922 3260 947 3283 a,
966 3261 1020 3279 om.
1041 3254 1076 3284 P;
1095 3261 1142 3286 pro
1160 3254 1355 3283 contumeliam,

293 3289 455 3315 contumelia
473 3289 505 3319 1²3
524 3296 572 3321 pro
591 3292 666 3318 esset,
685 3295 740 3314 esse
758 3289 799 3313 ed.
818 3296 845 3313 a.

1406 3069 1563 3106 tristare.

1463 3182 1491 3216 γ)
1511 3186 1551 3208 est
1569 3182 1696 3208 dicere.-
1716 3182 1815 3207 dicitur
1833 3183 1864 3214 Α,
1884 3182 2018 3207 diceretur
2035 3182 2109 3213 BFK,
2135 3182 2222 3208 dicere
2247 3182 2290 3213 11‹;
2314 3190 2362 3215 pro
2380 3186 2471 3207 contu-

1412 3218 1526 3247 meliam,
1545 3218 1705 3243 contumelia
1723 3217 1850 3247 ABDHK,
1868 3218 2029 3243 contumelia
2048 3222 2087 3243 est
2106 3218 2125 3243 1.

1464 3252 1489 3285 δ)
1511 3253 1551 3278 In.
1563 3267 1581 3271 -
1600 3253 1661 3277 Om.
1681 3252 1797 3285 ABFpK.

1466 3289 1488 3321 ε)
1508 3289 1682 3320 eutrapelum.
1695 3301 1715 3307 —
1732 3288 1905 3320 eutrapeliam
1925 3288 1999 3312 l-le.

1463 3323 1489 3356 ζ)
1509 3323 1567 3349 ioci.
1581 3337 1601 3342 -
1620 3324 1671 3349 loci
1688 3323 1829 3356 BFpACK.

969 3397 1301 3431 Commentafia
1324 3398 1444 3431 Card
1449 3400 1575 3432 inalis
1598 3398 1798 3432 Caieta-ni

299 3480 346 3543 IN
369 3469 501 3501 articulo
525 3469 666 3500 secundo
690 3469 833 3499 eiusdem
847 3468 1042 3509 quaestionis
1058 3469 1357 3510 septuagesimaese-

327 3514 459 3550 eundae,
483 3513 647 3553 diligenter
670 3513 810 3544 discerne
826 3522 892 3543 non
908 3513 1015 3543 solum
1033 3513 1114 3544 inter
1129 3513 1357 3544 contumeliam

296 3557 471 3589 formaliter
494 3565 525 3589 et
547 3557 758 3593 materialiter,
782 3567 819 3587 ex
841 3556 1016 3587 intentione
1039 3557 1277 3593 dehonorandi;
1303 3557 1357 3588 sed

439 3620 548 3645 Sumus
567 3619 668 3644 Tneor..
687 3619 719 3643 D.
731 3618 846 3643 Tuonm:
865 3618 897 3643 T.
916 3618 958 3642 VI.

1410 3469 1506 3500 etiam
1528 3469 1729 3499 latitudinem
1757 3476 1822 3499 tam
1846 3467 2056 3499 contumeliae
2080 3467 2221 3498 formalis
2254 3478 2351 3509 quam
2375 3475 2470 3499 mate-

1410 3513 1505 3543 rialis.
1536 3513 1620 3543 Nam
1643 3512 1835 3543 contumelia
1858 3511 2018 3547 formalis,
2043 3512 2159 3542 scilicet
2182 3522 2218 3542 ex
2242 3512 2349 3542 animo
2373 3512 2471 3543 deho-

1411 3557 1546 3587 uorandi
1570 3557 1753 3597 procedens,
1776 3556 1848 3587 licet
1872 3566 1908 3586 ex
1929 3565 1989 3586 suo
2009 3565 2121 3595 genere
2144 3556 2183 3586 sit
2206 3563 2370 3596 peccatum
2386 3566 2470 3586 mor-

2300 3624 2328 3648 ¹7

2496 1965 2507 1975 ·
2521 1964 2591 1986 Num.
2606 1970 2626 1992 3.

2499 2445 2564 2467 ’Lib.
2571 2445 2707 2472 11‚cap.x1x.
