2860 4238
218 2256 227 2265 ⁸
247 2254 305 2276 Cod.
327 2255 350 2280 1,
371 2260 424 2279 xiv,

218 2281 246 2302 de
265 2281 321 2309 Leg.
337 2284 394 2306 etc.,
409 2286 425 2301 1.

322 3420 344 3441 x,
357 3419 380 3435 n.
391 3413 412 3435 6.
424 3424 434 3428 -

327 3440 377 3461 lect.
387 3446 435 3461 xvi.

228 3414 311 3461 §.etin

1142 256 1408 304 QUAESTIO
1438 256 1561 303 cxx,
1590 255 1885 293 ARTICULUS
1915 256 1928 291 1

877 424 1286 502 QUAESTIO
1327 421 2199 478 CENTESIMAVIGESIMA

1327 563 1410 603 DE
1444 561 1742 603 EPIEIKEIA

1269 701 1304 725 IN
1333 700 1428 726 DUOS
1455 699 1657 725 ARTICULOS
1684 699 1801 724 DIVISA

346 817 422 837 mn,
452 815 639 897 Damna
668 801 985 841 considerandum
1016 809 1070 838 est
1099 800 1145 837 de
1175 798 1357 848 epieikeia
1375 798 1406 835 ²³².

534 857 642 893 Circa
670 868 784 905 quam
813 862 1046 903 quaeruntur
1074 853 1163 890 duo.

1617 796 1768 833 Primo:
1798 805 1925 833 utrum
1956 797 2136 846 epieikeia
2164 798 2208 834 sit
2234 797 2365 835 virtus.

1618 849 1819 886 Secundo:
1847 857 1976 887 utrum
2004 850 2050 886 sit
2077 863 2163 899 pars
2189 850 2360 888 iustitiae.

1256 949 1572 993 ARTICULUS
1605 949 1809 991 PRIMUS

1205 1057 1360 1089 UTRUM
1383 1055 1594 1086 EPIEIKEIA
1618 1054 1684 1085 SIT
1708 1055 1865 1086 VIRTUS

1165 1154 1196 1178 111
1217 1154 1298 1182 Sent„
1318 1152 1375 1176 dist.
1395 1158 1486 1180 xxxva,
1505 1155 1550 1174 art.
1569 1157 1587 1181 4
1594 1158 1601 1181 ;
1620 1150 1644 1174 V
1663 1150 1758 1180 Ethic„
1778 1151 1836 1176 lect.
1855 1159 1905 1176 xvx.

510 1266 540 1327 ζ’

482 1278 581 1352 ΑΛᾼ
591 1287 634 1337 ‚33

592 1325 637 1356 xyst
646 1345 652 1350 ,

471 1287 527 1359 sss«

665 1294 846 1343 epieikeia
864 1306 942 1331 non
963 1293 1008 1330 sit
1027 1293 1157 1329 virtus.
1179 1291 1294 1328 Nulla
1315 1290 1414 1327 enim
1434 1288 1509 1326 vir-

452 1453 556 1503 quod
575 1453 716 1491 iustum
738 1462 792 1491 est
820 1454 1031 1491 secundum
1059 1454 1201 1501 legem;
1232 1459 1268 1488 et
1291 1450 1435 1499 opponi
1453 1449 1508 1487 vi-

453 1508 562 1544 detur
598 1507 796 1545 severitati.
833 1509 935 1556 Ergo
971 1506 1153 1555 epieikei'a
1189 1517 1267 1541 non
1296 1511 1351 1540 est
1377 1503 1508 1540 virtus.

506 1572 540 1597 2.
580 1561 818 1608 Pmnrnnm,
857 1559 1088 1608 Augustinus
1128 1557 1231 1604 dicit,
1271 1557 1308 1593 in
1341 1557 1435 1593 libro
1465 1556 1537 1592 ἅθ’

458 1615 555 1651 Vera
569 1614 694 1663 Relig.
712 1614 747 1651 *ε
775 1616 821 1651 In
841 1614 917 1650 istis
935 1612 1200 1661 temporalibus
1219 1611 1373 1660 legibus,
1393 1621 1511 1658 quan-

453 1678 566 1715 quam
586 1667 631 1703 de
649 1667 706 1704 his
723 1668 891 1704 homines
910 1667 1072 1704 iudicent
1087 1678 1174 1702 cum
1191 1676 1255 1701 eas
1274 1664 1467 1700 instituunt
1479 1667 1508 1709 ⁰¹,
1536 1685 1537 1689 =

453 1726 577 1757 tamen
606 1732 691 1757 cum
708 1721 860 1768 suerint
886 1720 1071 1757 institutae
1097 1725 1133 1756 et
1148 1719 1344 1766 firmatae,
1372 1728 1446 1752 non
1466 1715 1508 1751 li-

453 1773 548 1810 cebit
574 1774 687 1810 iudici
703 1775 748 1810 de
775 1774 862 1821 ipsis
881 1774 1057 1818 iudicare,
1077 1772 1143 1808 sed
1160 1770 1369 1808 “secundum
1399 1769 1508 1817 ipsas.

454 1826 531 1863 Sed
559 1827 722 1875 epieikes
745 1825 760 1856 β
787 1827 936 1864 videtur
963 1826 1128 1863 iudicare
1158 1825 1204 1861 de
1233 1824 1326 1870 lege,
1355 1821 1509 1870 quando

455 1891 540 1916 eam
565 1880 735 1916 aestimat
755 1892 832 1917 non
853 1892 934 1916 esse
955 1878 1182 1916 servandam
1201 1877 1239 1913 in
1259 1876 1386 1924 aliquo
1407 1886 1508 1911 casu.

454 1933 556 1979 Ergo
594 1933 775 1980 epieikeia
817 1933 937 1981 magis
976 1940 1030 1969 est
1066 1931 1201 1968 vitium
1230 1941 1348 1977 quam
1376 1928 1508 1965 virtus.

454 2364 597 2405 oportet
614 2364 648 2394 et
666 2358 749 2394 licet
770 2359 959 2406 inspicere.
986 2358 1086 2404 Ergo
1107 2365 1211 2393 actus
1233 2355 1436 2405 epieikeiae
1457 2362 1512 2391 est

440 2410 600 2463 ‘illicitus
619 2416 646 2447 Υ.
677 2413 767 2448 Non
797 2423 885 2459 ergo
916 2411 1095 2460 epieikeia
1124 2418 1179 2447 est
1206 2410 1336 2447 virtus.

455 2517 562 2565 ponit
590 2529 674 2554 eam
702 2518 892 2555 virtutem.

508 2572 732 2608 RESPONDEO
751 2582 934 2607 mci-:NDUM
954 2571 1070 2619 quod⁷
1091 2571 1186 2608 sicut
1205 2582 1318 2619 supra
1332 2569 1352 2591 ’¹‘
1371 2569 1512 2606 dictum

457 2632 522 2671 est,
545 2636 632 2660 cum
653 2626 699 2662 de
725 2624 870 2672 legibus
890 2632 1071 2672 ageretur,
1094 2624 1183 2672 quia
1207 2622 1365 2660 humani
1394 2630 1511 2669 actus,

456 2677 503 2714 de
532 2677 667 2725 quibus
702 2679 802 2726 leges
832 2678 985 2725 dantur,
1015 2678 1053 2714 in
1081 2677 1331 2726 singularibus
1369 2676 1512 2713 contin-

456 2731 627 2778 gentibus
657 2732 878 2778 consistunt,
909 2744 1005 2780 quae
1035 2731 1186 2767 infinitis
1222 2730 1346 2767 modis
1374 2730 1512 2767 variari
1538 2746 1540 2756 ι

456 2793 625 2832 possunt,
646 2797 723 2821 non
753 2785 820 2821 fuit
838 2785 1018 2833 possibile
1038 2785 1203 2832 aliquam
1225 2784 1394 2832 regulam
1423 2784 1512 2831 legis
1538 2791 1540 2837 ᾗ

457 2837 594 2874 institui
622 2850 719 2886 quae
748 2839 786 2874 in
815 2839 916 2874 nullo
947 2850 1036 2874 casu
1057 2838 1252 2874 deficeret:
1282 2838 1349 2875 sed
1369 2837 1512 2884 legisla-

457 2898 557 2927 tores
595 2891 791 2928 attendunt
819 2892 867 2928 ad
896 2891 933 2928 id
962 2891 1066 2939 quod
1095 2891 1132 2927 in
1160 2891 1329 2939 pluribus
1358 2890 1512 2937 accidit,

459 2944 667 2980 secundum
702 2945 775 2980 hoc
802 2945 924 2991 legem
954 2945 1130 2990 ferentes;
1166 2957 1280 2993 quam
1309 2952 1438 2981 tamen
1475 2944 1511 2981 in

512 3072 539 3104 α)
559 3071 708 3096 instituunt.
726 3084 745 3089 -
764 3070 926 3095 instituerint
943 3071 1142 3102 ABCDEFIKL,
1163 3071 1335 3096 instituerunt
1353 3073 1387 3097 H.

513 3106 537 3139 β)
557 3107 676 3139 epieikes.
694 3120 713 3124 -
731 3106 872 3131 secundum
892 3106 1003 3137 epieikes
1022 3107 1140 3138 ABpGK,
1160 3107 1287 3138 epieikeia
1306 3107 1397 3132 PHsK.

512 3143 538 3175 γ)
558 3145 597 3167 est
616 3142 730 3166 illicitus.
750 3156 767 3160 —
786 3144 825 3166 est
844 3141 930 3166 licitus
954 3142 1091 3174 EFpACK,
1117 3149 1168 3166 non
1193 3146 1232 3167 est
1255 3142 1342 3167 licitus
1367 3142 1491 3167 PBDGH.

512 3177 536 3210 δ)
557 3177 712 3209 depositum.
730 3190 749 3196 -
767 3177 910 3208 repositum
930 3176 1060 3209 BEHIpK.

540 1262 546 1275 ι
647 1254 685 1279 D
714 1253 850 1278 PRIMUM
878 1252 930 1277 stc
954 1249 1192 1276 PROCEDITUR.
1217 1237 1376 1274 Videtur
1404 1234 1508 1283 quod
1534 1232 1535 1250 ³

530 1364 583 1388 *rs
605 1352 632 1393 ‘6
664 1355 722 1385 tus
744 1349 863 1385 aufert
882 1348 994 1384 aliam
1012 1347 1203 1383 virtutem.
1232 1344 1308 1382 Sed
1328 1342 1509 1392 epieikeia
1535 1356 1536 1389 j

644 1402 784 1438 aufert
812 1401 924 1438 aliam
950 1401 1149 1437 virtutem:
1180 1399 1269 1446 quia
1294 1404 1330 1434 et
1350 1396 1444 1434 tollit
1471 1396 1508 1432 id
1535 1412 1537 1415 ·

1562 1233 1749 1283 aliquibus
1787 1235 1938 1272 casibus
1974 1246 2126 1272 servare
2165 1242 2220 1272 est
2254 1243 2385 1272 contra
2421 1236 2626 1286 aequalita-

1562 1294 1638 1324 tem
1667 1288 1840 1335 iustitiae,
1871 1296 1907 1324 et
1935 1295 2067 1325 contra
2095 1288 2241 1326 bonum
2271 1300 2490 1337 commune,
2519 1289 2626 1339 quod

1563 1341 1621 1377 lex
1643 1341 1812 1378 intendit.
1843 1341 1947 1378 Sicut
1965 1343 2024 1378 lex
2043 1341 2199 1379 instituit
2218 1342 2322 1390 quod
2342 1342 2515 1391 deposita
2542 1343 2627 1380 red-

1563 1395 1709 1441 dantur,
1731 1394 1819 1443 quia
1846 1396 1921 1432 hoc
1939 1402 1981 1432 ut
2007 1395 2046 1431 in
2068 1395 2238 1444 pluribus
2267 1395 2407 1432 iustum
2429 1401 2504 1433 est:
2535 1407 2625 1433 con-

1562 1449 1668 1496 tingit
1695 1455 1824 1484 tamen
1852 1448 2056 1497 aliquando
2084 1461 2167 1486 esse
2185 1449 2382 1496 nocivum,
2401 1456 2493 1498 puta
2521 1444 2626 1486 sisu-⁵

1535 1500 1536 1506 ’
1563 1503 1684 1540 riosus
1722 1501 1899 1550 deposuit
1934 1502 2102 1550 gladium
2136 1511 2172 1540 et
2200 1515 2288 1539 eum
2323 1510 2498 1551 reposcat
2531 1504 2624 1540 dum

1565 1564 1620 1594 est
1648 1556 1686 1593 in
1714 1555 1829 1602 furia,
1858 1556 1920 1592 vel
1950 1556 1980 1593 si
2008 1556 2143 1604 aliquis
2172 1563 2347 1605 reposcat
2375 1555 2592 1605 depositum
2607 1553 2625 1578 ‘⁸

1564 1611 1613 1647 ad
1642 1609 1786 1659 patriae
1813 1609 2154 1659 impugnationem.
2184 1611 2226 1647 In
2255 1611 2312 1647 his
2342 1621 2429 1658 ergo
2460 1617 2496 1646 et
2523 1608 2626 1646 simia

1564 1664 1661 1701 libus
1681 1663 1830 1700 casibus
1850 1664 1995 1700 malurn
2015 1670 2112 1701 esset
2131 1669 2143 1685 ⁸
2171 1664 2278 1712 sequi
2296 1664 2419 1711 legem
2438 1662 2624 1712 positam?

1564 1718 1711 1754 bonum
1740 1724 1868 1753 autem
1898 1724 1966 1764 est,
1986 1717 2256 1766 praetermissis
2284 1716 2411 1754 verbis
2437 1717 2542 1765 legis,
2567 1726 2623 1755 se-

1565 1771 1630 1819 qui
1657 1770 1696 1807 id
1729 1770 1833 1819 quod
1861 1770 1983 1819 poscit
2019 1770 2179 1808 iustitiae
2208 1770 2302 1807 ratio
2339 1778 2374 1807 et
2408 1771 2624 1808 communis

1564 1824 1712 1861 utilitas.
1742 1825 1790 1860 Et
1810 1824 1857 1860 ad
1877 1825 1952 1860 hoc
1971 1824 2165 1862 ordinatur
2184 1823 2377 1872 epieikeia,
2398 1835 2497 1872 quae
2520 1824 2625 1874 apud

1537 1880 1538 1929 g
1564 1891 1635 1915 nos
1656 1877 1790 1915 dicitur
1808 1878 1975 1926 aequitas
1993 1877 2024 1916 *ἱ
2054 1877 2165 1916 Unde
2191 1883 2294 1926 patet
2317 1875 2423 1926 quod
2442 1876 2626 1926 epieikeia
2652 1883 2661 1891 '

1536 1934 1538 1977 ῗ
1565 1939 1620 1969 est
1646 1931 1777 1968 virtus.

508 1987 542 2022 3.
571 1986 802 2032 PRAETEREA,
831 1988 878 2023 ad
908 1985 1130 2034 epieikeiam
1146 1983 1297 2021 videtur
1323 1981 1510 2031 pertinere

452 2045 493 2073 ut
521 2039 688 2076 attendat
720 2041 768 2076 ad
797 2039 1044 2076 intentionem
1081 2036 1320 2085 legislatoris:
1355 2042 1397 2071 ut
1423 2034 1510 2071 Phi·
1537 2057 1538 2062 =

216 2096 426 2144 Scffissgcffivs
452 2091 635 2140 losophus
665 2093 762 2139 dicit,
792 2093 830 2129 in
857 2093 891 2128 V
909 2093 1027 2129 Ethic.
1049 2091 1068 2113 ²¹²
1098 2091 1174 2127 Sed
1194 2088 1428 2137 interpretari
1457 2088 1511 2124 in-

1618 1986 1677 2031 AD
1707 1996 1844 2021 PmMUM
1864 1995 1962 2021 ERGO
1992 1995 2177 2021 manDUM
2197 1983 2302 2032 quod
2322 1981 2488 2031 epieikes
2507 1980 2519 2006 ‘
2546 1985 2627 2021 non

1567 2038 1704 2075 deserit
1731 2038 1870 2074 iustum
1901 2037 2140 2086 simpliciter,
2170 2037 2237 2074 sed
2265 2037 2408 2074 iustum
2437 2037 2543 2084 quod
2571 2043 2628 2074 est

1537 2132 1538 2137 ¹
1564 2093 1645 2140 lege
1675 2091 1980 2129 determinatum.
2001 2113 2024 2119 -
2045 2091 2128 2127 Nec
2156 2091 2267 2127 etiam
2289 2089 2494 2139 opponitur
2519 2101 2627 2127 seve-

452 2145 659 2182 tentionem
693 2145 912 2193 legislatoris
946 2145 992 2182 ad
1026 2145 1150 2181 solum
1187 2142 1398 2192 principem
1427 2140 1538 2190 per-]

452 2198 559 2234 tinet:
594 2199 696 2236 unde
731 2200 940 2247 Imperator
969 2197 1072 2244 dicit,
1102 2197 1139 2233 in
1170 2196 1333 2243 Codice,
1362 2195 1407 2232 de
1439 2195 1509 2231 Le·
1537 2199 1538 2210 ³

452 2252 562 2300 gibus
595 2257 628 2287 et
661 2252 850 2288 Constitut.
888 2251 1051 2298 Princip.
1077 2250 1113 2286 *τ
1149 2251 1253 2286 Inter
1286 2249 1510 2297 aequitatem
1537 2245 1538 2258 ¹

454 2305 582 2353 iusque
609 2305 860 2353 interpositam
890 2304 1228 2352 interpretationem
1249 2303 1354 2339 nobis
1371 2301 1458 2338 solis
1478 2306 1513 2337 et
1537 2306 1538 2327 i

1565 2146 1673 2192 ritati‚
1704 2157 1803 2193 quae
1836 2144 2004 2193 sequitur
2031 2145 2228 2181 veritatem
2248 2149 2266 2171 η
2294 2143 2386 2191 legis
2421 2142 2460 2181 in
2488 2142 2626 2191 quibus

1566 2206 1735 2248 oportet:
1765 2198 1872 2247 sequi
1901 2205 2029 2234 autem
2058 2199 2177 2235 verba
2204 2197 2296 2244 legis
2325 2196 2362 2233 in
2381 2196 2520 2246 quibus
2547 2208 2627 2234 non

1566 2260 1730 2301 oportet,
1766 2251 1946 2298 vitiosum
1986 2258 2051 2287 est.
2086 2251 2197 2288 Unde
2231 2250 2365 2287 dicitur
2392 2249 2430 2286 in
2459 2248 2626 2297 Codice,

1565 2307 1610 2343 de
1641 2306 1806 2355 Legibus
1838 2310 1873 2341 et
1903 2304 2053 2340 Constit.
2090 2304 2254 2352 Princip.
2274 2303 2310 2339 *ε
2347 2303 2438 2339 Non
2472 2303 2626 2340 dubium

1566 2365 1620 2396 est
1646 2359 1684 2395 in
1706 2358 1826 2407 legem
1852 2357 2081 2394 committere
2099 2369 2185 2394 eum
2205 2357 2279 2405 qui,
2299 2357 2415 2393 verba
2435 2355 2528 2405 legis
2546 2368 2627 2393 am-

1537 2410 1539 2447 ἶ
1560 2413 1709 2461 plexus,
1738 2417 1870 2448 contra
1899 2411 1992 2459 legis
2010 2407 2023 2431 θ
2052 2411 2181 2447 nititur
2207 2410 2447 2447 voluntatem.

510 2464 582 2501 SED
603 2476 747 2501 CONTRA
762 2476 827 2501 EST
842 2465 945 2514 quod
962 2464 1228 2512 Philosophus,
1245 2463 1282 2500 in
1297 2465 1331 2500 V
1350 2461 1510 2510 Ethic.*,
1538 2502 1539 2512 γ

1619 2468 1677 2502 An
1702 2475 1892 2502 SECUNDUM
1912 2475 2096 2500 mCENDUM
2125 2463 2230 2512 quod
2257 2462 2394 2511 ille-de
2422 2463 2502 2511 lege
2532 2461 2626 2510 iudi<-

1538 2516 1539 2523 ’
1568 2526 1626 2556 cat
1654 2518 1717 2567 qui
1746 2517 1832 2555 dicit
1862 2528 1947 2554 eam
1976 2529 2055 2554 non
2088 2529 2171 2553 esse
2200 2515 2298 2552 bene
2333 2514 2510 2564 positam.
2549 2513 2627 2563 Qui

1566 2584 1660 2609 vero
1691 2571 1778 2608 dicit
1807 2570 1924 2607 verba
1951 2569 2041 2618 legis
2070 2582 2148 2607 non
2170 2581 2251 2606 esse
2279 2569 2324 2606 in·
2337 2570 2412 2606 hoc
2433 2580 2522 2605 casu
2549 2580 2627 2607 sen

1539 2614 1540 2670 f
1566 2625 1706 2671 vanda‚
1735 2636 1815 2661 non
1842 2623 1982 2660 iudicat
2010 2623 2057 2660 de
2081 2623 2174 2670 lege,
2195 2622 2263 2659 sed
2292 2622 2339 2659 de
2360 2621 2487 2670 aliquo
2513 2621 2627 2670 parti-

1568 2678 1683 2715 culari
1710 2676 1862 2724 negotio
1897 2676 2002 2724 quod
2035 2675 2197 2712 occurrit
2212 2675 2243 2711 *.

1620 2734 1679 2768 AD
1699 2741 1858 2767 TERTmM
1879 2740 2062 2766 DlCENDuM
2091 2730 2195 2778 quod
2217 2727 2470 2776 interpretatio
2498 2727 2626 2765 locum

1567 2786 1681 2822 habet
1709 2784 1747 2821 in
1776 2782 1911 2829 dubiis,
1941 2782 1979 2819 in
1998 2781 2136 2831 quibus
2164 2794 2243 2819 non
2270 2781 2366 2828 licet,
2390 2781 2534 2830 absque
2564 2780 2627 2819 de-

1538 2860 1540 2884 ÷
1567 2837 1830 2875 terminatione
1863 2835 2059 2884 principis,
2098 2848 2120 2872 a
2156 2833 2282 2872 verbis
2310 2833 2401 2881 legis
2439 2834 2626 2871 recedere.

1569 2891 1645 2928 Sed
1674 2891 1711 2927 in
1740 2889 1947 2927 manifestis
1980 2901 2059 2925 non
2091 2895 2147 2925 est
2179 2900 2276 2937 opus
2309 2887 2626 2935 interpretatione,

1568 2945 1636 2982 sed
1664 2943 1886 2980 executione
1904 2941 1935 2979 ³³⁸.
2653 2937 2663 2946 '

1622 3071 1644 3104 ε)
1663 3074 1739 3096 esset.
1757 3083 1776 3089 —
1793 3073 1833 3094 est
1851 3069 1898 3094 Pa.

1619 3106 1645 3139 ζ)
1664 3106 1785 3139 epieikes.
1798 3118 1818 3125 —
1835 3104 1961 3137 epieikei'a
1980 3103 2008 3128 P.

1621 3142 1647 3174 η)
1668 3141 1817 3166 veritatem.
1833 3153 1854 3160 -
1870 3140 1944 3164 Alias
1963 3139 2043 3164 verba
2062 3146 2152 3171 margo
2170 3138 2198 3163 P.

1621 3175 1645 3210 0)
1665 3177 1740 3210 legis.
1756 3189 1777 3196 -
1794 3175 1956 3209 legislatoris
1974 3174 2003 3199 P.

1128 3256 1458 3289 Commentaria
1481 3256 1731 3289 Cardinalis
1753 3255 1952 3287 Caietam

492 3337 511 3357 N
535 3327 718 3367 quaestione
741 3327 1077 3366 centesimavigesima‚
1104 3333 1180 3356 nota
1202 3326 1306 3366 primo
1330 3327 1414 3366 quod
1439 3327 1514 3366 quid

465 3339 539 3401 Iest
562 3371 738 3410 epieikeiae,
764 3381 818 3401 seu
842 3372 1021 3411 aequitatis,
1043 3377 1078 3400 ut
1101 3370 1197 3400 latine
1219 3370 1391 3410 loquamur
1407 3370 1439 3400 in
1455 3370 1514 3400 lin-

463 3424 524 3454 gua
547 3415 651 3445 latina.
675 3415 717 3445 Ut
741 3415 824 3444 enim
844 3425 880 3444 ex
896 3415 923 3443 V
939 3415 1042 3445 Ethic.
1059 3414 1076 3433 *
1099 3421 1193 3454 patet,
1212 3414 1351 3454 aequitas
1368 3422 1412 3444 est
1431 3414 1514 3445 dire-

464 3459 524 3488 ctio
547 3459 628 3498 legis
648 3459 700 3488 ubi
714 3459 817 3499 deficit
834 3464 969 3498 propter
992 3459 1180 3489 universale.
1198 3458 1320 3488 Dicitur
1339 3458 1371 3487 in
1395 3458 1514 3497 primis,

463 3502 612 3532 directio:
640 3502 714 3542 quia
737 3502 877 3532 consistit
908 3508 994 3532 actus
1018 3502 1084 3532 eius
1107 3502 1139 3531 in
1164 3502 1224 3532 hoc
1248 3502 1335 3542 quod
1359 3508 1404 3531 est
1427 3502 1516 3532 recti-

463 3545 556 3576 ficare
578 3552 608 3576 et
623 3553 743 3576 rectum
766 3545 864 3576 facere
889 3555 980 3585 opus.
1005 3563 1025 3568 -
1048 3546 1177 3581 Dicitur,
1202 3546 1294 3586 legis,
1319 3553 1384 3576 tam
1407 3545 1517 3585 positi-

1566 3336 1623 3356 vae
1639 3336 1737 3366 quam
1760 3324 1928 3355 naturalis:
1960 3323 2143 3354 universalis
2165 3330 2281 3359 tamen,
2299 3329 2329 3353 et
2344 3322 2514 3353 defectivae
2528 3322 2561 3352 in
2578 3321 2629 3352 ali-

1568 3371 1693 3411 quibus.
1710 3387 1731 3393 -
1754 3369 1890 3404 Dicitur,
1917 3368 1970 3399 ubi
1992 3368 2116 3408 deficit:
2139 3367 2179 3397 ad
2202 3367 2441 3397 monstrandam
2467 3365 2629 3406 propriam

1569 3414 1733 3444 materiam
1757 3412 1920 3453 aequitatis
1944 3422 2011 3442 esse
2030 3418 2116 3442 actus
2133 3411 2204 3441 illos
2219 3411 2251 3441 in
2271 3410 2386 3451 quibus
2409 3410 2458 3440 lex
2475 3408 2587 3440 deficit.
2608 3427 2629 3432 -

1569 3458 1707 3493 Dicitur,
1727 3462 1863 3497 propter
1886 3456 2086 3487 universale:
2109 3455 2183 3496 quia
2206 3464 2298 3485 causa
2322 3454 2460 3484 defectus
2484 3453 2565 3490 eius,
2591 3454 2630 3484 ad

1571 3502 1631 3532 hoc
1655 3508 1690 3532 ut
1713 3501 1853 3541 aequitas
1877 3500 1989 3530 habeat
2011 3500 2130 3535 locum,
2158 3508 2224 3528 non
2248 3504 2295 3529 est
2320 3507 2550 3538 quaecumque,
2575 3497 2629 3527 sed

1572 3546 1639 3576 sola
1662 3545 1729 3581 ista,
1755 3544 1872 3575 scilicet
1895 3543 1920 3573 si
1944 3550 2073 3583 propter
2095 3541 2270 3573 universale
2293 3540 2412 3577 deficit;
2439 3541 2500 3572 hoc
2524 3549 2579 3578 est,
2604 3541 2629 3571 si

2654 2313 2692 2338 ’5,
2705 2309 2757 2333 Non
2767 2310 2860 2331 dubim

2652 2666 2664 2678 ⁶
2677 2666 2706 2688 D.
2721 2671 2772 2694 797.
