2860 4244
255 317 268 343 θ

159 431 224 453 ⁸Lib.
233 431 250 458 1,
261 437 312 459 cap.
321 437 367 453 xxi.

259 537 267 552 t

155 901 217 923 ⁸Lib.
227 901 245 928 1,
252 906 365 928 cap-xxti.

398 249 473 274 200

391 317 526 364 phetae
551 314 671 351 solent
687 316 822 363 figura
842 313 853 334 θ
883 312 1121 360 imprecantis
1142 312 1276 358 futura
1299 311 1450 358 praedi-

397 381 501 406 cere:
520 375 561 404 ut
580 367 813 414 Augustinus
834 365 932 411 dicit,
954 365 991 400 in
1011 364 1107 400 libro
1131 364 1176 400 de
1195 364 1314 399 Serm.
1336 364 1448 399 Dom.

396 422 432 458 in
461 421 595 457 Monte
612 421 643 456 *.
663 440 687 447 -
718 419 912 464 Secundo,
942 424 1055 464 prout
1084 415 1274 464 quaedam
1303 423 1451 464 tempo-

396 473 486 510 ralia
507 473 605 509 mala
623 471 884 520 peccatoribus
905 469 1135 518 quandoque
1156 481 1177 504 a
1197 470 1282 504 Deo
1303 468 1351 505 ad
1372 481 1452 505 cor-

396 526 602 562 rectionem
639 524 891 560 immittuntur
910 529 929 558 ι.
960 543 983 549 -
1012 521 1164 567 Tertio,
1194 521 1283 569 quia
1319 521 1451 559 intelli-

395 586 532 627 guntur
567 585 696 625 petere
734 588 811 613 non
841 582 971 612 contra
1009 575 1112 623 ipsos
1150 574 1346 622 homines,
1384 576 1451 611 sed

395 638 525 668 contra
562 641 718 677 regnum
756 628 926 677 peccati:
964 634 1005 663 ut
1041 627 1180 664 scilicet
1218 627 1451 664 correctione

393 683 594 721 hominum
615 689 815 730 peccatum
846 682 1058 718 destruatur
1076 686 1104 717 ².
1126 702 1150 708 -
1180 681 1341 727 Quarto,
1363 692 1453 716 con-

394 737 595 772 formando
615 735 851 771 voluntatem
872 746 981 770 suam
1003 733 1156 770 dlvinae
1175 733 1332 770 iustitiae
1354 733 1453 770 circa

394 788 678 826 damnationem
698 787 1026 836 perseverantium
1046 786 1084 823 in
1102 784 1273 835 peccato.

445 843 504 878 AD
533 852 723 878 SECUNDUM
751 852 936 877 mcENDUM
970 840 1093 887 quod,
1123 839 1219 876 sicut
1246 839 1284 875 in
1313 839 1451 876 eodem

392 894 488 930 libro
508 893 528 915 ²³⁶
546 893 780 942 Augustinus
800 893 898 940 dicit,
927 893 1090 930 vindicta
1109 898 1324 941 martyrum
1344 898 1398 928 est
1415 898 1455 928 ut

1005 233 1269 280 QUAESTIO
1300 233 1513 281 LXXXIII,
1543 233 1838 270 ARTICULUS
1867 234 1951 270 VIII

1505 316 1693 347 evertatur
1711 323 1872 361 regnum
1887 313 2044 360 peccati,
2065 323 2139 360 quo
2159 319 2343 362 regnante
2362 319 2464 351 tanta
2477 327 2566 364 per-

1499 364 1602 411 pessi
1621 369 1716 400 sunt.
1737 385 1761 392 -
1785 365 1867 411 Vel,
1889 365 1984 401 sicut
2007 364 2142 402 dicitur
2165 365 2204 402 in
2223 365 2319 402 libro
2348 367 2394 403 de
2416 368 2564 409 Quaest.

1512 417 1587 453 Vet.
1618 422 1653 452 et
1678 417 1785 454 Novi
1816 419 1908 454 Test.
1929 417 1964 464 *‚
1990 417 2183 465 postulant
2207 430 2248 454 se
2278 419 2466 456 vindicari
2492 433 2567 458 non

1504 480 1615 514 voce,
1645 470 1711 505 sed
1745 471 1912 507 ratione.-
1940 471 2036 507 sicut
2070 471 2228 520 sanguis
2262 471 2360 508 Abel
2391 472 2570 510 clamavit

1506 522 1551 557 de
1588 527 1701 558 terra.
1731 544 1755 550 -
1794 524 2000 560 Laetantur
2037 531 2166 560 autem
2205 523 2252 560 de
2284 524 2453 562 vindicta
2488 538 2568 563 non

1505 581 1661 623 propter
1690 587 1786 621 earn,
1816 576 1884 612 sed
1911 583 2069 624 propter
2097 576 2266 613 divinam
2295 577 2486 615 iustitiam.

1559 629 1617 663 AD
1645 638 1805 665 TERTmM
1838 640 2022 666 monimum
2051 630 2157 677 quod
2185 629 2327 667 licitum
2363 638 2418 668 est
2445 631 2569 680 impu-

1506 692 1621 727 gnare
1641 679 1815 717 inimicos
1835 689 1876 717 ut
1895 691 2187 730 compescantur
2205 695 2228 720 a
2250 683 2433 731 peccatis:
2462 684 2568 732 quod

1508 733 1606 769 cedit
1633 732 1671 769 in
1699 733 1846 770 bonum
1877 746 2011 771 eorum
2039 742 2075 771 et
2093 735 2266 773 aliorum.
2297 737 2346 773 Et
2373 736 2426 773 sic
2453 737 2568 774 etiam

1506 785 1591 822 licet
1619 786 1766 822 orando
1794 793 1924 834 petere
1953 787 2078 836 aliqua
2106 789 2331 837 temporalia
2366 790 2466 827 mala
2501 789 2570 827 ini-

1507 838 1696 875 micorum
1724 846 1766 875 ut
1785 838 2030 886 corrigantur.
2056 841 2106 877 Et
2124 841 2177 878 sic
2201 842 2320 879 oratio
2341 849 2378 879 et
2397 842 2568 892 operatio

1507 904 1584 928 non
1614 899 1722 928 erunt
1751 899 1950 929 contrana.

445 1025 469 1058 θ)
481 1027 587 1059 figura.
600 1040 619 1046 —
642 1026 668 1051 in
686 1027 781 1060 figura
802 1025 933 1050 PDGHIa.
946 1039 964 1045 -
983 1025 1033 1049 Pro
1055 1024 1235 1056 imprecantis,
1252 1022 1454 1054 interpretantis

391 1062 438 1095 pC,
459 1062 657 1094 imprecationis
676 1063 709 1086 H.

445 1098 463 1130 ι)
483 1098 519 1122 ad
537 1098 728 1123 correctionem
749 1097 939 1122 immittuntur.
952 1110 971 1115 —
989 1096 1015 1120 in
1034 1095 1225 1121 correctionem
1246 1094 1390 1118 mittuntur
1406 1093 1452 1123 Pa,

392 1133 536 1158 mittuntur
555 1134 584 1164 L,
603 1133 701 1165 (Deus)
720 1133 756 1158 ad
774 1132 965 1158 correctionem
986 1131 1069 1156 mittit
1087 1131 1106 1155 Ι.

1559 1022 1585 1054 κ)
1599 1026 1739 1054 peccatum
1764 1024 1928 1048 destruatur.
1942 1038 1960 1043 —
1979 1027 2120 1056 peccatum
2147 1024 2323 1050 destruuntur
2341 1033 2367 1055 κ,
2387 1030 2501 1058 peccata
2523 1027 2567 1052 de-

1505 1061 1648 1082 struantur
1667 1058 1749 1083 PGIa.

1066 1208 1399 1242 Commentario,
1421 1205 1672 1238 Gar-ainans
1693 1207 1894 1241 Caietam

466 1292 568 1322 missis
598 1291 735 1322 articulis
766 1291 897 1330 quint0‚
922 1296 1008 1319 sexto
1038 1294 1068 1318 et
1095 1287 1252 1327 septimo,
1281 1286 1314 1315 in
1338 1291 1451 1315 octavo

393 1302 607 1367 Oeiusdem
642 1334 962 1374 octogesimaetertiae
992 1330 1188 1373 quaestionis
1226 1329 1372 1362 articulo,
1394 1329 1451 1359 du-

390 1380 480 1411 bium
496 1379 640 1415 occurrit,
665 1378 848 1418 simpliciter
867 1383 898 1407 et
921 1378 961 1407 ad
984 1376 1159 1411 hominem,
1178 1374 1257 1404 circa
1272 1373 1326 1403 illa
1341 1373 1451 1403 verba:

390 1425 440 1455 vel
452 1425 482 1454 si
497 1425 621 1455 veniam
640 1427 774 1462 peteret.
799 1422 850 1452 Ad
870 1421 1036 1451 hominem
1058 1419 1200 1460 quidem,
1217 1418 1292 1459 quia
1307 1417 1452 1457 superius

387 1469 421 1498 in
445 1478 500 1509 qu.
516 1479 584 1503 xxv,
609 1474 665 1497 art.
684 1467 702 1496 8
727 1473 758 1497 et
781 1477 811 1506 9,
836 1465 890 1496 ubi
915 1466 954 1495 de
977 1465 1145 1495 dilectione
1163 1463 1369 1493 inimicorum
1392 1468 1452 1492 tra-

389 1519 508 1543 ctatum
532 1518 594 1548 est,
619 1511 706 1541 solus
730 1510 922 1541 necessitatis
948 1509 1099 1540 articulus
1131 1514 1279 1547 exceptus
1303 1513 1359 1537 est.
1393 1505 1453 1536 Hic

388 1563 513 1593 autem,
538 1557 620 1587 ultra
643 1555 877 1591 necessitatem,
903 1553 1054 1594 excipitur
1077 1552 1187 1593 petitio
1210 1551 1329 1582 veniae.
1363 1550 1452 1587 Quo-

389 1601 488 1631 modo
513 1607 596 1631 stant
619 1600 695 1630 haec
719 1597 835 1629 simul?

444 1645 635 1684 Simpliciter
657 1653 749 1679 vere,
774 1643 850 1684 quia
872 1642 980 1682 regula
1003 1641 1156 1682 generalis
1180 1646 1226 1670 est
1251 1639 1340 1680 quod
1363 1648 1451 1678 prae-

389 1696 479 1729 cepta
502 1688 702 1724 affirmativa,
727 1687 799 1718 licet
822 1687 963 1726 obligent
986 1695 1127 1725 semper,
1152 1694 1218 1714 non
1242 1690 1347 1714 tamen
1372 1682 1452 1712 obli-

388 1741 463 1773 gant
486 1734 526 1763 ad
541 1743 665 1772 semper
680 1732 889 1771 operandum,
915 1731 969 1761 sed
993 1730 1063 1760 solo
1083 1728 1274 1759 necessitatis
1296 1734 1450 1767 tempore.

389 1778 566 1815 Quomodo
590 1787 664 1817 ergo
689 1786 774 1806 nunc
798 1783 906 1806 contra
929 1782 1055 1814 tempus
1072 1772 1263 1804 necessitatis
1288 1771 1452 1811 distingui-

388 1828 439 1852 tur
462 1829 589 1862 tempus
613 1821 773 1861 petitionis
796 1817 927 1850 veniae?

443 1866 483 1896 Et
507 1872 639 1905 augetur
663 1865 807 1895 dubium.
832 1864 916 1901 Quia
933 1873 998 1893 non
1016 1867 1146 1902 apparet
1169 1860 1208 1891 ad
1227 1870 1326 1900 quem
1344 1865 1450 1889 actum

388 1910 564 1940 dilectionis
587 1910 620 1939 in
644 1909 770 1949 speciali
801 1914 942 1938 teneatur
966 1907 1015 1936 hic
1038 1912 1168 1946 propter
1191 1904 1253 1934 hoc
1280 1903 1369 1944 quod
1393 1903 1450 1933 ini-

388 1954 489 1984 micus
513 1954 591 1993 petit
614 1954 652 1983 ab
677 1963 714 1983 eo
738 1953 874 1982 veniam.
898 1952 981 1981 Nam
1001 1951 1026 1980 si
1043 1960 1101 1990 ego
1122 1949 1219 1988 diligo
1236 1948 1269 1978 in
1285 1948 1451 1978 communi

386 1997 562 2034 inimicum,
587 2007 644 2027 nec
668 1997 699 2026 in
724 1997 850 2036 speciali
874 2006 948 2026 eum
972 1995 1048 2025 odio
1072 1994 1193 2031 habeo;
1222 1999 1253 2022 et
1276 2002 1349 2022 cum
1373 1992 1451 2032 petit

386 2043 527 2077 veniam,
552 2052 611 2081 ego
640 2051 703 2071 non
734 2047 843 2071 teneor
872 2040 917 2070 illi
941 2039 1098 2069 remittere
1122 2046 1260 2078 poenam
1290 2046 1388 2077 quam
1412 2036 1449 2066 de

386 2086 453 2116 iure
477 2087 583 2116 debet:
618 2085 657 2114 ad
681 2094 778 2125 quem
802 2094 924 2114 novum
947 2090 1054 2114 actum
1078 2082 1203 2121 obligor
1226 2090 1263 2111 ex
1284 2081 1370 2110 illius
1397 2090 1449 2120 pe-

385 2128 517 2161 titione?
540 2147 560 2152 -
584 2129 616 2160 Si
640 2129 778 2165 dicatur,
803 2136 839 2159 ut
860 2128 958 2167 vulgo
983 2127 1112 2163 dicitur,
1137 2125 1226 2166 quod
1254 2124 1355 2155 debeo
1378 2134 1449 2164 par·

386 2184 454 2205 cere
478 2173 586 2215 quoad
610 2173 778 2203 offensam:
804 2173 866 2203 hoc
889 2172 968 2202 nihil
991 2171 1077 2202 aliud
1100 2177 1146 2201 est
1169 2178 1266 2210 quam
1284 2179 1357 2199 eum
1383 2178 1449 2199 non

385 2219 499 2249 habere
523 2217 610 2253 odio,
635 2227 701 2247 non
715 2217 796 2247 velle
814 2217 842 2247 ei
858 2217 997 2253 malum;
1022 2214 1111 2256 quod
1127 2225 1145 2244 a
1163 2213 1320 2254 principio
1340 2213 1447 2244 habui.

385 2262 485 2293 Modo
502 2268 609 2293 autem
625 2261 807 2302 quaerimus
827 2271 951 2291 novum
966 2267 1073 2291 actum
1092 2258 1267 2299 positivum
1292 2257 1332 2287 ad
1351 2267 1448 2298 quern

386 2313 530 2337 teneatur
548 2313 691 2346 tempore
715 2305 877 2345 petitionis
899 2305 1019 2335 veniae.
1047 2322 1068 2327 -
1092 2303 1125 2334 Si
1149 2303 1269 2333 dicatur
1292 2302 1382 2342 quod
1405 2308 1449 2333 te-

386 2357 478 2381 netur
501 2351 529 2380 ei
551 2350 658 2391 loqui:
683 2350 801 2380 mirum
827 2356 873 2380 est
902 2349 992 2390 quod
1021 2347 1160 2379 melioris
1189 2346 1229 2376 sit
1257 2345 1448 2377 conditionis

385 2394 533 2425 inimicus
556 2401 666 2434 petens
689 2394 813 2424 veniam
837 2403 936 2435 quam
958 2393 983 2423 is
1007 2392 1064 2434 qui
1086 2400 1253 2432 nunquam
1275 2400 1327 2421 me
1351 2389 1448 2421 offen—

386 2438 441 2469 dit.
467 2438 519 2469 Isti
542 2438 628 2468 enim
658 2438 776 2478 petenti
801 2438 1029 2478 quodcumque
1052 2447 1070 2467 a
1094 2445 1145 2466 me
1174 2445 1240 2465 non
1268 2441 1379 2465 teneor
1401 2444 1447 2465 re·

386 2483 552 2523 spondere,
565 2488 649 2512 extra
665 2482 832 2512 articulum
849 2481 1054 2512 necessitatis:
1072 2487 1102 2510 et
1116 2479 1162 2509 illi
1175 2477 1323 2510 tenebor?
1341 2478 1448 2509 Minus

386 2536 528 2558 consona
550 2526 627 2556 haec
650 2526 765 2556 rationi
787 2526 944 2557 videntur.

441 2571 477 2601 II.
502 2571 553 2601 Ad
575 2571 637 2600 hoc
661 2570 775 2601 dicitur
798 2570 887 2611 quod
917 2579 992 2600 cum
1016 2567 1229 2599 communiter
1252 2566 1363 2597 offensi
1386 2567 1446 2598 ho-

385 2614 487 2644 mines
511 2614 628 2645 malam
657 2614 793 2645 habeant
814 2614 1013 2644 voluntatem
1043 2620 1156 2643 contra*
1180 2611 1327 2642 inimicos
1354 2621 1447 2648 suos,

385 2658 410 2688 si
441 2658 516 2689 huic
550 2658 803 2699 praesumptioni
836 2657 1001 2689 communi
1033 2656 1222 2695 adiungatur
1255 2655 1288 2685 in
1321 2655 1447 2696 speciali

384 2703 474 2743 quod
496 2702 626 2733 inimico
656 2702 775 2743 petenti
797 2702 924 2732 veniam
950 2711 1016 2732 non
1041 2700 1166 2735 annuit,
1191 2699 1363 2740 probabilis
1393 2707 1448 2731 aut

383 2746 522 2777 violenta
545 2746 656 2786 opinio
679 2746 716 2777 fit
744 2746 834 2787 quod
857 2746 974 2776 malam
999 2745 1094 2776 habet
1115 2745 1314 2776 voluntatem
1338 2750 1448 2775 contra

383 2790 563 2821 inimicum:
588 2800 623 2821 ac
646 2800 702 2830 per
724 2790 786 2821 hoc
809 2797 840 2821 et
862 2790 980 2830 petenti
1003 2789 1129 2820 veniam
1152 2790 1244 2820 datur
1259 2788 1384 2819 occasio
1399 2798 1446 2819 re-

384 2834 502 2865 cidivae
525 2834 718 2870 inimicitiae,
743 2844 780 2864 ex
802 2844 869 2875 quo
892 2834 1002 2865 locum
1024 2833 1134 2864 veniae
1157 2844 1224 2864 non
1246 2833 1384 2869 invenit,
1416 2839 1447 2864 et

384 2877 453 2908 aliis
469 2878 664 2909 scandalum.
682 2878 775 2909 Unde
787 2879 855 2918 ipsa
867 2878 977 2918 petitio
994 2878 1103 2908 veniae
1116 2884 1242 2918 tempus
1260 2877 1446 2908 determinat

384 2932 450 2963 quo
475 2922 584 2954 caritas
608 2923 700 2953 debet
722 2923 897 2953 necessario
918 2922 999 2953 exire
1014 2922 1047 2952 in
1063 2928 1170 2953 actum
1185 2921 1445 2952 manifestationis

385 2965 487 2996 cordis
511 2967 560 2996 sui
583 2976 655 3006 erga
677 2966 854 2997 inimicum.
878 2967 920 2997 Et
942 2966 986 2997 sic
1008 2972 1135 3007 tempus
1159 2965 1320 3007 petitionis
1335 2965 1445 2996 veniae

386 3015 431 3040 est
453 3016 580 3049 tempus
604 3010 805 3041 necessitatis.

441 3053 502 3084 Sed
525 3060 561 3084 ut
589 3055 761 3085 concordes
783 3054 969 3094 scripturas,
999 3054 1157 3094 distingue
1184 3055 1222 3084 de
1245 3053 1445 3090 necessitate,

385 3106 467 3137 quae
491 3104 536 3128 est
559 3097 741 3138 multiplex:
773 3099 931 3139 quaedam
954 3108 991 3128 ex
1013 3105 1101 3138 parte
1123 3098 1314 3138 indigentiae
1337 3108 1444 3138 perso·

385 3150 453 3177 nae,
479 3148 515 3172 ut
537 3152 662 3182 pascere
686 3142 770 3172 fame
786 3143 984 3178 morientem,
1009 3149 1039 3172 et
1061 3142 1262 3178 huiusmodi;
1287 3142 1443 3182 quaedam

385 3194 421 3215 ex
444 3192 531 3225 parte
555 3186 789 3217 occurrentium
812 3186 1050 3222 conditionum,
1074 3193 1110 3216 ut
1134 3186 1287 3227 corrigere
1319 3185 1445 3216 fratrem

1503 1285 1651 1316 habendo
1675 1287 1872 1326 probabilem
1896 1289 2111 1329 cognitionem
2139 1291 2227 1331 quod
2250 1291 2324 1322 inde
2346 1291 2529 1323 liberabitur
2551 1303 2570 1324 a

1504 1336 1644 1369 peccat0.
1676 1331 1717 1361 Et
1743 1331 1816 1362 licet
1843 1342 1955 1363 omnes
1986 1333 2172 1364 huiusmodi
2202 1336 2400 1367 necessitates
2424 1345 2570 1377 compre-

1504 1373 1683 1405 hendantur
1710 1376 1768 1405 sub
1793 1382 1936 1416 tempore
1959 1378 2151 1409 necessitatis
2181 1380 2311 1419 quando
2339 1380 2454 1411 dicitur
2479 1382 2570 1422 quod

1504 1425 1671 1459 praecepta
1693 1419 1876 1451 affirmativa
1899 1431 1966 1451 non
1989 1422 2132 1462 obligant
2154 1423 2214 1453 nisi
2236 1429 2380 1464 tempore
2403 1425 2568 1456 necessita-

1504 1462 1552 1499 tis,
1574 1473 1637 1493 una
1656 1470 1761 1494 tamen
1781 1465 1976 1506 quandoque
1992 1466 2195 1507 distinguitur
2210 1474 2320 1506 contra
2334 1468 2428 1499 aliam
2442 1469 2568 1501 alicubi.

1504 1507 1546 1537 Et
1568 1507 1612 1537 sic
1635 1508 1746 1539 accidit
1769 1508 1802 1538 in
1825 1510 1980 1549 praesenti
2003 1510 2114 1541 littera.
2149 1511 2241 1542 Unde
2265 1511 2353 1542 nulla
2377 1519 2423 1544 est
2445 1513 2569 1554 simpli-

1505 1551 1580 1582 citer
1598 1553 1820 1589 controversia,
1846 1560 1881 1584 ut
1904 1564 1941 1584 ex
1956 1564 2041 1585 nunc
2058 1554 2219 1586 declaratis
2243 1562 2338 1596 patet.
2363 1557 2405 1588 Et
2427 1556 2569 1589 similiter

1505 1596 1591 1626 nulla
1614 1602 1660 1627 est
1682 1596 1763 1627 inter
1784 1597 1932 1628 Docton's
1948 1598 2030 1629 dicta
2054 1599 2265 1631 contrarietas.
2291 1600 2376 1638 Quia
2395 1600 2446 1631 hic
2465 1611 2569 1632 neces-

1504 1639 1628 1670 sitatem
1652 1650 1689 1670 ex
1711 1649 1798 1681 parte
1821 1642 2011 1682 indigentiae
2035 1651 2201 1684 personae·
2219 1644 2360 1675 distinxit
2382 1651 2491 1676 contra
2514 1655 2568 1676 ne-

1504 1684 1680 1715 cessitatem
1708 1695 1745 1715 ex
1774 1692 1861 1726 parte
1892 1687 2113 1718 conditionum
2144 1689 2391 1720 occurrentium:
2422 1690 2568 1730 superius

1504 1735 1612 1758 autem
1635 1730 1694 1759 sub
1718 1729 1849 1760 articulo
1865 1731 2055 1762 necessitatis
2079 1742 2210 1766 omnem
2227 1732 2418 1764 necessitatis
2432 1734 2569 1765 modum

1504 1773 1755 1813 comprehendit.
1790 1774 1892 1805 Cuius
1919 1775 2046 1814 signum
2070 1783 2116 1806 est
2143 1777 2232 1816 quod
2255 1777 2318 1807 hoc
2340 1777 2373 1808 in
2397 1778 2469 1808 loco
2493 1778 2569 1810 dicit

1504 1817 1585 1847 hanc
1609 1817 1787 1848 doctrinam
1815 1829 1881 1849 esse
1905 1820 2038 1850 eandem
2067 1830 2141 1850 cum
2165 1821 2353 1860 supradicta,
2377 1821 2500 1853 dicens:
2533 1828 2569 1854 ut

1503 1870 1603 1901 supra
1627 1862 1768 1892 habitum
1793 1868 1840 1893 est
1862 1864 1894 1892 in
1920 1868 2060 1894 tractatu
2083 1864 2123 1894 de
2147 1866 2292 1895 caritate.

1559 1906 1609 1936 111.
1635 1906 1671 1936 In
1689 1907 1895 1946 responsione
1920 1908 1959 1937 ad
1983 1907 2133 1948 primum,
2158 1908 2254 1939 habes
2277 1908 2468 1940 latissimum
2483 1919 2566 1940 cam-

1502 1960 1582 1989 pum
1597 1950 1821 1990 interpretandi
1838 1961 1958 1981 sacram
1973 1951 2167 1992 Scripturam
2183 1953 2291 1993 quoad
2306 1952 2566 1993 imprecationes:

1503 2001 1534 2024 et
1556 1994 1654 2025 simul
1676 1996 1792 2025 modos
1816 1995 1932 2035 quibus
1948 1996 2090 2036 appetitu
2107 2003 2192 2027 recto
2215 1997 2353 2027 aliorum
2372 1997 2456 2028 mala
2474 1998 2568 2029 nobis

1503 2039 1699 2078 complacere
1718 2046 1863 2080 possunt.
1886 2040 1980 2075 Nam,
1997 2041 2125 2080 dempta
2141 2040 2244 2080 prima
2259 2040 2465 2081 expositione,
2485 2051 2568 2083 quae

1502 2082 1681 2122 optativum
1705 2093 1763 2124 pro
1787 2084 1982 2114 enuntiativo
2005 2084 2236 2125 interpretatur,
2259 2085 2328 2126 fiat
2349 2095 2408 2125 pro
2421 2085 2496 2127 fiet,
2520 2095 2568 2117 re-

1501 2126 1606 2167 liquae
1637 2128 1676 2157 ad
1706 2127 1853 2158 affectum
1881 2128 2105 2159 consentientis
2133 2129 2218 2159 malo
2246 2128 2383 2170 proximi
2413 2136 2565 2171 spectant.

1501 2170 1647 2201 Secunda
1669 2171 1801 2212 quidem
1825 2172 1908 2202 mala
1937 2182 1996 2212 pro
2021 2172 2214 2204 correctione
2238 2173 2425 2211 hominum,
2450 2183 2486 2204 ac
2508 2183 2566 2215 per

1500 2215 1563 2245 hoc
1591 2225 1649 2255 pro
1674 2216 1808 2247 utilitate
1832 2223 2047 2247 correctorum
2069 2217 2120 2248 vel
2143 2218 2324 2254 communi,
2348 2217 2428 2249 vult.
2458 2217 2567 2250 Tertia

1500 2269 1575 2289 vero
1599 2260 1682 2290 mala
1706 2270 1764 2300 pro
1789 2260 2001 2291 destructione
2024 2261 2112 2301 regni
2135 2261 2255 2301 peccati
2270 2262 2348 2293 vult.
2373 2261 2495 2300 Quarta
2509 2272 2566 2295 au-

1500 2310 1565 2334 tem
1581 2304 1664 2335 mala
1687 2314 1745 2344 pro
1762 2304 1880 2336 iustitia
1896 2305 2002 2336 divina
2017 2305 2095 2337 vult.
2119 2306 2160 2336 Et
2183 2311 2230 2336 est
2253 2316 2357 2337 sermo
2381 2315 2507 2347 semper
2525 2306 2565 2338 de

1501 2348 1586 2378 malo
1601 2358 1735 2388 poenae.
1759 2349 1799 2380 Et
1814 2356 1861 2380 est
1874 2349 1951 2380 haec
1967 2349 2126 2380 distinctio
2143 2350 2297 2381 sumenda
2310 2359 2407 2391 penes
2422 2349 2455 2381 id
2474 2351 2565 2392 quod

1501 2392 1616 2422 directe
1635 2393 1799 2433 respicitur
1822 2403 1839 2423 a
1862 2399 1989 2434 petente
2013 2403 2068 2424 seu
2092 2399 2232 2434 optante.

1556 2436 1592 2466 In
1615 2437 1822 2477 responsione
1850 2437 1889 2467 ad
1915 2437 2093 2468 secundum
2122 2437 2281 2474 eiusdem,
2306 2437 2401 2474 scito,
2426 2437 2562 2476 novitie,

1501 2480 1590 2520 quod
1612 2486 1739 2512 sanctos
1755 2486 1867 2521 petere
1890 2483 2015 2512 ratione
2037 2481 2208 2513 vindictam
2232 2488 2279 2512 est
2301 2481 2464 2521 passiones
2479 2491 2563 2519 suas,

1500 2534 1582 2564 quae
1604 2532 1678 2556 sunt
1700 2525 1779 2556 ratio
1795 2525 1936 2562 ultionis,
1961 2532 2102 2565 patentes
2125 2525 2249 2557 habere.
2273 2526 2345 2556 Hoc
2361 2526 2447 2556 enim
2462 2527 2563 2557 modo

1500 2569 1627 2609 sanguis
1651 2570 1730 2599 Abel
1754 2569 1900 2600 clamavit
1922 2569 2055 2600 ratione:
2090 2569 2207 2601 effusus
2230 2570 2316 2600 enim
2338 2576 2481 2611 patenter
2503 2570 2563 2601 fra-

1500 2619 1607 2643 ternus
1632 2613 1761 2654 sanguis
1781 2613 1860 2644 ratio
1885 2620 1950 2644 erat
1972 2613 2114 2644 ultionis.
2165 2642 2167 2644 .

1556 2657 1591 2687 In
1614 2657 1821 2698 responsione
1844 2658 1884 2687 ad
1906 2657 2044 2694 tertium,
2059 2657 2198 2698 intellige
2221 2667 2277 2698 per
2291 2657 2418 2688 unicam
2434 2667 2563 2689 causam

1499 2711 1611 2731 omnes
1634 2701 1709 2732 alias
1732 2701 1831 2732 licitas
1852 2711 1960 2732 causas
1983 2701 2193 2742 impugnandi
2207 2701 2369 2732 inimicos:
2394 2711 2460 2732 non
2477 2701 2563 2732 enim

1500 2745 1607 2776 solum
1630 2753 1666 2776 ut
1680 2752 1902 2776 convertantur
1923 2755 1942 2776 a
1964 2745 2110 2785 peccatis,
2135 2747 2190 2776 sed
2212 2752 2344 2786 propter
2358 2745 2434 2776 alias
2453 2754 2564 2777 caum

1500 2796 1547 2820 est
1573 2789 1713 2826 licitum,
1738 2796 1774 2820 ut
1801 2795 1887 2830 patet
1915 2789 2060 2830 superius
2075 2789 2093 2809 *
2116 2790 2154 2820 de
2183 2790 2278 2821 bello.
2309 2789 2351 2820 Et
2377 2790 2488 2821 eadem
2517 2795 2565 2823 eet

1498 2833 1578 2864 ratio
1602 2834 1641 2864 de
1660 2834 1821 2870 omnibus,
1845 2834 1885 2864 ad
1907 2834 1970 2865 hoc
1993 2840 2029 2865 ut
2052 2833 2152 2865 oratio
2177 2840 2208 2865 et
2230 2833 2372 2875 operatio
2395 2843 2463 2866 non
2486 2843 2563 2867 con-

1498 2877 1674 2910 trarientur.
1694 2879 1920 2912 Veruntamen,
1937 2878 2010 2909 licet
2025 2878 2126 2909 oratio
2143 2884 2173 2909 et
2189 2877 2331 2919 operatio
2346 2888 2413 2908 non
2429 2877 2563 2910 debeant

1499 2922 1689 2958 contrariari,
1709 2928 1814 2963 potest
1835 2928 1943 2953 tamen
1961 2922 2070 2953 locum
2088 2922 2202 2952 habere
2226 2922 2327 2953 oratio
2346 2921 2402 2953 ubi
2420 2931 2486 2952 non
2504 2930 2562 2963 po-.

1498 2973 1557 2997 test
1588 2966 1697 2997 locum
1727 2967 1840 2997 habere
1868 2966 2021 3006 operatio.
2054 2966 2143 2997 Licet
2171 2965 2257 2997 enim
2280 2966 2402 2997 orando
2434 2964 2563 2997 cuilibet

1497 3017 1627 3051 propter
1648 3020 1820 3042 commune
1843 3010 1967 3041 bonum
1988 3016 2093 3051 petere
2110 3017 2248 3041 mortem
2263 3009 2496 3041 haeresiarchae
2510 3007 2562 3041 vel

1496 3055 1735 3096 tyrannizantis:
1753 3065 1820 3085 non
1832 3061 1939 3085 tamen
1956 3054 2029 3086 licet
2039 3055 2168 3086 cuilibet
2185 3054 2327 3086 neddere
2339 3054 2442 3086 illum.
2459 3053 2562 3092 Quid-

1497 3099 1576 3139 quid
1599 3109 1673 3139 ergo
1697 3099 1769 3130 licet
1791 3099 1886 3129 alicui
1908 3098 2041 3139 operari,
2065 3098 2138 3130 licet
2159 3098 2206 3130 illi
2228 3107 2333 3130 orare:
2357 3098 2414 3130 sed
2431 3107 2498 3129 non
2514 3103 2561 3128 est

1498 3153 1515 3173 e
1539 3150 1659 3174 contra.

2594 428 2605 439 '⁴
2627 428 2674 455 Qu.
2695 434 2774 450 ιινιιι.
2795 440 2805 445 -

2594 455 2656 476 Inter
2670 454 2806 483 0pp.Aug.

2588 2793 2800 2823 'Qu-marta.
