2860 4244
147 1014 158 1023 ⁶
172 1012 280 1040 reh'ginsi
293 1013 338 1034 ΡΛΒ
343 1029 348 1034 .

398 267 442 303 52
1081 264 1347 310 QUAESTIO
1377 264 1498 310 LXII,
1529 265 1824 303 ARTICULUS
1853 266 1887 302 V

1065 367 1398 399 Commentario·
1419 366 1670 400 cardinalis
1690 369 1891 402 Caietam

419 452 439 471 N
463 441 594 471 articulo
623 440 735 481 quinto
767 438 907 469 eiusdem
937 437 1131 478 quaestionis
1162 443 1239 467 nota
1261 437 1294 467 in
1318 446 1450 477 corpore

393 454 540 515 larticuli
563 485 617 514 illa
640 485 748 514 verba:
781 484 843 513 nisi
865 483 894 512 ei
921 483 975 521 qui
999 482 1104 511 minus
1127 481 1219 511 habet
1246 491 1342 521 quam
1367 481 1452 521 quod

361 523 365 527 ⁴
387 539 480 559 suum
496 534 552 565 est,
577 528 787 568 suppleretur.
813 526 859 556 Ex
887 525 945 555 hac
965 525 1121 565 siquidem
1142 525 1265 561 radice,
1279 525 1368 565 quod
1392 525 1450 555 sci-

386 573 458 603 licet
485 572 558 602 ideo
582 572 779 602 reddendum
804 577 850 600 est
873 569 900 599 ei
924 579 942 599 a
965 579 1031 609 quo
1057 576 1226 609 acceptum
1249 569 1326 610 quia
1354 579 1450 599 suum

388 623 442 652 est,
466 616 598 646 habetur
621 615 709 655 quod
733 614 788 654 qui
812 612 932 653 accepit
955 614 993 643 ab
1017 612 1126 653 aliquo
1150 623 1218 644 rem
1241 613 1378 643 alienam
1400 613 1450 643 vel

387 660 471 691 furto
495 659 544 690 vel
567 669 662 689 usura
684 658 734 687 vel
757 657 833 688 alias
853 663 1051 697 occupatam.
1068 667 1134 687 non
1150 663 1274 688 tenetur
1288 657 1450 688 restituere

385 704 430 734 illi
454 714 471 733 a
487 713 553 744 quo
577 701 706 741 accepit,
731 701 806 742 quia
828 711 895 731 non
911 701 1018 731 minus
1042 700 1136 731 habet
1159 711 1258 741 quam
1273 711 1371 731 suum
1387 707 1448 731 est:

386 748 440 777 sed
455 748 547 777 debet
562 747 661 776 facere
677 752 834 785 quantum
850 752 956 785 potest
971 752 1007 775 ut
1022 744 1170 776 reddatur
1185 745 1329 776 domino.
1349 745 1451 775 Debet

385 798 490 821 tamen
515 790 687 830 significare
710 799 766 829 per
788 789 928 829 aliquam
952 790 1071 819 bonam
1095 789 1180 819 viam
1203 789 1248 820 illi
1276 789 1332 830 qui
1356 799 1449 820 occu-

385 841 513 875 paverat
542 835 630 874 quod
654 844 720 864 non
743 840 867 864 tenetur
890 833 1064 864 satisfacere
1094 834 1148 864 tali
1176 844 1234 874 pro
1258 833 1312 864 tali
1335 842 1386 864 re:
1410 843 1450 864 ne

385 878 561 918 contingat,
587 878 613 908 si
636 878 716 909 forte
739 878 845 908 veniat
867 878 907 908 ad
934 877 1178 918 poenitentiam,
1203 878 1251 908 bis
1273 877 1340 908 fieri
1363 877 1450 908 resti-

384 922 542 953 tutionem
565 929 595 953 et
619 921 814 953 damnificari
838 922 1066 962 poenitentem.

438 967 485 997 Ex
507 966 566 996 hac
589 976 720 1007 quoque
743 966 846 996 radice
869 966 1014 1006 provenit
1035 966 1124 1007 quod
1147 966 1173 996 si
1195 966 1267 1006 quis
1291 966 1376 996 bona
1400 975 1449 996 ec-

383 1011 493 1041 clesiae
510 1020 565 1041 seu
582 1010 741 1050 religionis
753 1010 770 1030 *
786 1010 829 1041 sic
845 1010 956 1041 habuit
970 1010 1059 1051 quod
1082 1016 1206 1040 tenetur
1222 1020 1257 1040 ea
1277 1009 1448 1046 restituere,

383 1061 414 1085 et
436 1054 593 1094 praelatus
616 1055 763 1086 ecclesiae
785 1054 870 1085 illius
889 1055 938 1085 vel
961 1054 1139 1084 monachus
1155 1053 1388 1084 administrator
1411 1053 1451 1084 sit

383 1099 581 1139 dilapidator,
597 1099 686 1139 quod
702 1109 768 1129 non
784 1106 859 1129 sunt
878 1099 921 1129 eis
939 1098 1146 1129 restituenda:
1171 1098 1246 1138 quia
1261 1107 1327 1128 non
1343 1098 1449 1128 minus

383 1143 499 1174 habent
523 1143 561 1173 de
585 1153 655 1179 suo,
680 1143 735 1173 sed
757 1143 796 1173 de
813 1142 916 1173 alieno
933 1143 976 1173 eis
994 1143 1112 1173 credito
1129 1142 1170 1172 ad
1189 1142 1448 1182 dispensandum,

382 1197 448 1218 non
464 1188 504 1218 ad
519 1187 748 1227 dissipandum.
768 1187 809 1218 Et
823 1187 896 1217 ideo
913 1193 1037 1218 tenetur
1052 1187 1181 1217 reddere
1195 1186 1352 1222 ecclesiae,
1367 1196 1449 1226 quae

382 1238 428 1262 est
451 1241 556 1262 rerum
581 1231 720 1268 domina,
745 1230 777 1261 in
798 1232 890 1262 rebus
914 1241 995 1272 quae
1019 1240 1084 1260 non
1109 1237 1245 1271 possunt
1268 1230 1448 1270 dilapidari:

382 1282 415 1306 et
435 1275 577 1306 similiter
595 1275 682 1306 reddi
699 1276 814 1305 debent
827 1275 969 1306 abbatiae
986 1285 1042 1305 seu
1062 1274 1234 1305 conventui
1246 1275 1341 1308 ,cuius
1363 1280 1447 1304 sunt.

342 1321 350 1326 “
382 1320 423 1350 Et
445 1320 531 1350 idem
554 1327 601 1350 est
624 1320 661 1349 de
685 1319 841 1349 similibus
865 1319 1030 1349 iudicium.

437 1364 479 1394 Et
501 1364 577 1394 haec
599 1363 738 1402 intellige
761 1363 793 1392 in
815 1363 886 1393 foro
903 1362 1123 1398 conscientiae,
1141 1371 1214 1392 curn
1232 1368 1351 1392 secreto
1371 1361 1449 1391 haec

381 1407 447 1437 fieri
471 1414 614 1447 possunt,
639 1407 762 1446 agendo
780 1406 896 1436 utiliter
915 1416 1043 1436 causam
1059 1406 1234 1446 utriusque,
1251 1405 1370 1436 scilicet
1391 1405 1448 1435 do-

381 1451 459 1481 mini
487 1458 518 1482 et
552 1450 752 1490 occupatoris
782 1450 882 1491 parati
919 1450 959 1480 ad
989 1450 1196 1481 detinendum
1225 1449 1365 1480 alienum
1395 1456 1450 1480 aut

381 1495 620 1535 dilapidandum
645 1494 890 1525 ecclesiasticum
918 1504 974 1525 seu
998 1504 1171 1525 commune
1195 1494 1329 1524 bonum.
1364 1493 1447 1523 Nam

351 1570 356 1572 ,
380 1549 469 1569 secus
493 1545 539 1569 est
561 1539 594 1569 in
618 1538 689 1569 foro
713 1538 851 1569 iudiciali
875 1546 905 1569 et
928 1539 1088 1570 absolute:
1120 1548 1179 1578 pro
1203 1545 1324 1578 quanto
1353 1537 1448 1567 etiam

380 1583 532 1623 praedoni
556 1583 704 1613 convenit
727 1583 816 1622 quod
840 1589 928 1623 rapta
951 1583 1036 1613 bona
1059 1589 1133 1613 sunt
1157 1592 1214 1613 sua
1237 1592 1301 1612 non
1326 1581 1447 1622 simpli-

381 1627 471 1663 citer,
496 1627 551 1657 sed
574 1627 614 1657 ad
638 1627 883 1658 custodiendum
908 1634 938 1657 et
960 1627 1206 1662 restituendum;
1237 1626 1269 1656 in
1294 1626 1384 1656 cuius
1409 1625 1447 1656 si-

380 1682 491 1712 gnum,
508 1681 574 1701 non
591 1671 651 1701 nisi
675 1670 802 1711 publica
825 1677 980 1711 potestate
1003 1678 1140 1711 possunt
1162 1670 1205 1700 illi
1224 1670 1336 1700 auferri
1353 1670 1446 1706 licite,

380 1716 524 1746 absolute
547 1715 722 1756 loquendo.
747 1715 788 1746 Et
810 1722 978 1755 propterea
1000 1715 1095 1746 iudex
1119 1715 1324 1754 compelleret
1343 1715 1382 1744 ad
1401 1724 1446 1744 re-

380 1760 576 1791 stituendum
591 1759 637 1790 illi
653 1759 837 1799 occupatori
857 1766 887 1789 et
911 1759 1120 1799 dilapidatori,
1138 1759 1219 1789 sicut
1235 1759 1275 1788 ad
1289 1758 1447 1789 tuendum

381 1804 476 1835 etiarn
495 1804 690 1844 praedonem
705 1803 738 1833 in
754 1803 963 1843 possessione.
989 1804 1030 1834 Et
1048 1803 1214 1843 plenitudo
1230 1802 1367 1833 iustitiae
1385 1802 1447 1832 exi-

379 1855 465 1888 geret
494 1854 530 1878 ut
559 1848 626 1888 ipse
657 1854 831 1887 occupator
862 1854 916 1878 aut
947 1847 1136 1887 dilapidator
1165 1847 1328 1878 rehaberet
1357 1847 1447 1887 quod

380 1902 477 1923 suum
500 1892 543 1922 sic
567 1899 622 1928 est,
647 1899 677 1923 et
700 1892 876 1923 restitueret
898 1892 1032 1922 domino
1055 1898 1111 1922 aut
1132 1898 1216 1922 recte
1239 1891 1446 1931 dispensaret:

379 1947 454 1967 nam
477 1936 502 1966 si
527 1936 570 1966 sic
593 1935 696 1972 fieret,
721 1936 816 1967 etiam
839 1936 956 1966 modus
979 1935 1118 1966 iustitiae
1142 1936 1251 1975 quoad
1274 1945 1446 1975 personam

379 1990 461 2022 quae
484 1987 607 2011 tenetur
630 1981 670 2011 ad
693 1980 924 2011 restituendum
947 1980 1081 2010 domino
1106 1979 1288 2020 simpliciter
1310 1979 1361 2010 vel
1385 1979 1446 2010 dis-

379 2025 592 2065 pensandum,
617 2031 803 2060 servaretur;
833 2024 888 2064 qui
911 2024 1048 2054 violatur
1073 2022 1148 2066 (hoc
1172 2031 1227 2060 est,
1252 2033 1319 2054 non
1344 2034 1446 2054 serva·
1470 2057 1472 2064 A

377 2067 441 2110 tur)
467 2078 542 2099 cum
564 2068 597 2098 in
620 2068 691 2099 foro
716 2068 928 2099 conscientiae
956 2068 1138 2108 supradicto
1163 2068 1262 2098 modo
1288 2068 1445 2099 restitutio

378 2112 423 2143 fit.
447 2113 637 2143 Sed-sancte
660 2113 692 2142 in
717 2112 806 2143 dictis
830 2112 953 2142 casibus
977 2122 1043 2142 non
1067 2118 1221 2148 servatur,
1246 2112 1278 2142 in
1303 2111 1446 2143 favorem

378 2157 553 2198 utriusque,
578 2163 614 2187 ut
636 2157 757 2187 dictum
780 2163 842 2188 est:
868 2156 1008 2187 defectus
1033 2156 1192 2197 siquidem
1220 2156 1298 2196 legis
1321 2156 1373 2187 hic
1397 2167 1445 2187 ac-

379 2201 480 2232 cidere
498 2200 624 2231 videtur
639 2201 843 2241 corrigendus
858 2202 897 2231 ab
914 2200 1069 2241 aequitate
1081 2224 1088 2237 ,
1112 2211 1153 2231 ne
1176 2200 1283 2231 foveat
1305 2201 1376 2241 quis
1393 2211 1446 2232 oc-

379 2245 582 2285 cupationem
600 2252 654 2276 aut
669 2244 939 2285 dilapidationem,
954 2245 1119 2276 materiam
1134 2245 1355 2281 ministrando,
1372 2255 1445 2276 cum

379 2289 479 2330 possit
502 2289 589 2319 illam
613 2289 794 2320 subtrahere
818 2296 848 2320 et
870 2289 1007 2329 proximi
1033 2295 1088 2320 aut
1112 2289 1258 2320 ecclesiae
1274 2288 1343 2319 iura
1365 2289 1446 2320 tueri

380 2334 433 2371 sic,
451 2340 508 2364 etc.

434 2378 472 2408 11.
497 2378 531 2407 In
555 2377 762 2418 responsione
786 2378 825 2407 ad
845 2377 986 2417 primum
1009 2377 1151 2408 eiusdem
1171 2376 1303 2413 articuli,
1320 2377 1446 2408 adverte

379 2422 468 2463 quod
492 2431 528 2452 ex
552 2421 610 2451 hac
633 2422 743 2452 eadem
767 2421 869 2452 radice
893 2421 1039 2461 provenit
1062 2422 1152 2461 quod
1175 2428 1318 2461 tempore
1337 2422 1447 2452 iniusti

379 2466 453 2496 belli
480 2475 546 2496 non
571 2472 644 2495 sunt
666 2466 858 2496 restituenda
882 2475 997 2505 magna
1020 2466 1125 2496 debita
1151 2465 1270 2496 iniusto
1294 2465 1444 2506 principi,

379 2510 496 2551 quibus
519 2510 559 2539 ad
582 2509 752 2540 exercitum
775 2509 951 2540 fovendum
971 2516 1056 2549 eget:
1090 2509 1144 2540 sed
1169 2510 1382 2540 conservanda
1410 2517 1446 2541 ut

381 2563 522 2594 congruo
547 2559 700 2593 tempore,
717 2554 784 2583 sine
808 2553 924 2584 scilicet
947 2553 1073 2584 alterius
1090 2553 1213 2590 iniuria,
1230 2553 1410 2588 reddantur.
1426 2572 1445 2576 -

379 2599 420 2629 Et
442 2598 468 2628 si
493 2597 674 2638 depositum
698 2605 752 2628 aut
774 2604 927 2628 mutuum
946 2607 1012 2628 non
1029 2604 1075 2628 est
1090 2598 1288 2628 reddendum
1312 2597 1445 2628 domino

379 2642 561 2682 exposituro
578 2641 610 2672 in
631 2642 785 2672 damnum
801 2642 938 2678 alterius,
963 2652 1029 2682 quo
1048 2649 1142 2681 pacto
1165 2648 1270 2681 potest
1287 2642 1359 2683 quis
1375 2652 1445 2672 mu-

379 2693 467 2717 tuare
491 2686 582 2717 alicui
607 2686 789 2726 exposituro
816 2686 848 2716 in
873 2687 1028 2717 damnum
1053 2693 1082 2716 et
1105 2685 1253 2716 iniuriam
1277 2686 1445 2723 Ecclesiae,

379 2737 456 2771 puta
487 2740 546 2771 pro
576 2730 711 2760 emendo
742 2729 957 2762 cardinalatu?
987 2730 1095 2761 Minus
1126 2730 1211 2760 enim
1242 2738 1287 2761 est
1317 2731 1444 2761 reddere

380 2785 476 2806 suum
499 2774 593 2805 alicui
616 2784 713 2815 quam
738 2781 893 2805 mutuare.
919 2775 960 2805 Et
983 2775 1009 2804 si
1032 2781 1182 2805 neutrum
1206 2775 1365 2815 agendum
1389 2781 1445 2812 est,

380 2829 446 2860 quo
478 2825 570 2859 pacto
601 2818 807 2849 nummularii
838 2825 874 2849 ut
897 2819 1086 2849 mediatores
1117 2818 1296 2850 ministrant
1326 2819 1444 2849 eisdem

380 2864 419 2894 ad
448 2863 631 2893 habendum
662 2863 811 2904 pecunias
839 2873 912 2893 suas
941 2873 977 2893 ex
1001 2863 1109 2903 aliquo
1134 2863 1260 2894 distanti
1283 2863 1356 2893 loco
1385 2873 1444 2903 pro

379 2907 433 2938 tali
457 2905 571 2948 opere?
593 2908 660 2937 Nec
683 2906 778 2944 enim,
801 2917 874 2937 cum
891 2907 953 2937 sint
970 2907 1159 2944 voluntaria,
1176 2908 1295 2948 absque
1314 2914 1444 2948 peccato

379 2948 470 2988 fiunt,
495 2951 624 2992 quando
650 2958 773 2982 constat
795 2951 885 2992 quod
908 2951 947 2981 ad
971 2951 1032 2982 hoc
1055 2958 1216 2991 petuntur.
1255 2956 1262 2965 “

437 2996 488 3026 111.
514 2996 548 3025 In
563 2995 769 3035 responsione
788 2996 828 3026 ad
844 2996 1021 3026 secundum
1036 2995 1178 3026 eiusdem
1194 2996 1317 3027 articuli
1331 2996 1444 3037 quinti,

381 3040 458 3071 scito
483 3039 656 3070 discernere
679 3039 760 3070 inter
774 3039 936 3070 dationem
950 3040 1102 3077 illicitam,
1119 3047 1149 3071 et
1172 3047 1301 3080 propter
1317 3051 1445 3072 causam

381 3084 540 3121 illicitam,
564 3083 759 3122 respiciendo
783 3084 823 3113 ad
845 3083 877 3113 id
901 3084 990 3124 quod
1011 3084 1080 3123 lege
1103 3084 1209 3114 divina
1231 3085 1281 3115 vel
1305 3084 1446 3115 humana

381 3127 579 3168 prohibitum
603 3133 658 3158 est.
678 3127 828 3164 'Quando
856 3127 941 3158 enim
967 3128 1074 3167 ipsum
1103 3128 1175 3158 dare
1204 3136 1250 3159 est
1279 3136 1445 3167 peccatum

381 3182 436 3202 seu
459 3171 670 3211 prohibitum,
696 3178 732 3201 ut
755 3181 829 3202 cum
852 3172 901 3202 lex
923 3171 1070 3211 prohibet
1093 3172 1179 3207 dare,
1204 3178 1240 3202 ut
1263 3179 1348 3212 patet
1371 3183 1445 3203 cum

382 3215 567 3256 prohibetur
589 3215 656 3246 dari
676 3215 773 3246 iudici
796 3225 854 3256 pro
871 3215 1024 3246 sententia
1042 3216 1092 3246 vel
1107 3216 1300 3246 monasterio
1323 3226 1382 3256 pro
1397 3217 1446 3247 in-

381 3270 489 3300 gressu
512 3259 563 3290 vel
585 3259 736 3300 episcopo
760 3269 819 3300 pro
835 3259 999 3296 beneficio,
1016 3266 1046 3290 et
1069 3259 1266 3298 huiusmodi,
1288 3266 1363 3291 tunc
1379 3260 1448 3301 ipsa

383 3304 468 3335 datio
492 3310 538 3335 est
559 3303 676 3334 illicita.
710 3304 848 3342 Quando
872 3313 946 3334 vero
977 3304 1050 3334 dare
1078 3314 1143 3334 non
1167 3303 1367 3344 prohibetur,
1392 3305 1446 3335 sed

383 3355 469 3380 actus
494 3358 548 3378 seu
573 3358 666 3378 causa
696 3355 825 3388 propter
848 3358 945 3389 quam
970 3348 1078 3384 datur,
1103 3354 1138 3378 ut
1161 3358 1235 3378 cum
1262 3347 1447 3388 prohibetur

383 3392 558 3428 fornicatio,
583 3392 773 3422 adulterium
797 3399 826 3422 et
850 3392 1051 3428 huiusmodi,
1076 3402 1142 3422 non
1166 3392 1351 3432 prohibetur
1374 3393 1446 3423 dare

383 3442 512 3476 propter
535 3436 610 3472 ista,
639 3437 693 3466 sed
721 3436 789 3477 ipsa
814 3436 1031 3476 prohibentur.
1065 3436 1157 3467 Unde
1187 3436 1287 3467 horno
1317 3444 1447 3477 propter

383 3486 510 3520 accepta
533 3480 718 3510 huiusmodi
738 3480 870 3517 servitia,
895 3480 1040 3521 quamvis
1059 3480 1203 3517 nefanda,
1228 3487 1351 3511 tenetur
1374 3481 1446 3512 dare

384 3524 472 3564 quod
497 3524 642 3564 promisit
665 3524 715 3554 vel
734 3524 863 3554 solitum
885 3531 939 3555 est.
965 3525 1004 3555 Et
1023 3524 1098 3565 quia
1113 3524 1182 3555 sola
1197 3534 1290 3555 causa
1305 3524 1337 3555 in
1354 3524 1447 3565 culpa

384 3575 439 3604 est,
465 3578 530 3598 non
553 3568 645 3599 refert
668 3568 700 3598 in
724 3568 889 3609 proposito
914 3579 953 3599 an
977 3576 1107 3610 propter
1130 3568 1381 3605 fornicationem,
1406 3579 1445 3599 an

1504 445 1634 478 propter
1656 439 1848 470 adulterium
1871 447 1926 471 aut
1949 440 2042 471 aliam
2059 440 2203 490 ‘speciem
2226 441 2367 472 luxuriae
2391 442 2490 473 detur.
2526 443 2567 473 Et

1503 481 1647 513 similiter
1669 490 1716 514 est
1738 484 1776 514 de
1799 484 1867 514 aliis
1883 484 1972 514 malis
1989 484 2136 514 servitiis:
2162 485 2341 515 dummodo
2365 485 2437 516 dare
2460 486 2567 526 prohi-

1503 525 1606 556 bitum
1629 537 1695 557 non
1719 527 1759 558 sit
1780 528 1848 567 lege
1873 528 1986 564 divina,
2009 535 2045 558 ut
2067 528 2100 558 in
2116 528 2268 565 simonia;
2292 529 2342 559 vel
2365 529 2514 566 humana,
2532 537 2568 561 ut

1502 569 1534 599 in
1560 570 1668 601 multis
1696 578 1727 602 et
1749 572 1869 602 factum
1893 580 1939 603 est
1966 580 1997 603 et
2020 571 2085 602 fieri
2109 579 2215 612 potest
2238 580 2346 603 contra
2370 573 2478 604 dantes
2507 583 2566 614 pro

1502 613 1555 644 tali
1578 615 1628 644 vel
1651 614 1705 645 tali
1728 622 1816 652 actu
1833 623 1890 647 etc.
1921 617 1962 647 Et
1985 616 2065 647 forte
2093 623 2222 657 propter
2245 616 2322 648 istos
2346 617 2428 654 duos
2451 617 2567 648 modos

1503 658 1619 698 quibus
1643 658 1729 690 datio
1752 659 1821 699 ipsa
1843 666 1948 700 potest
1970 670 2037 691 esse
2060 661 2153 697 mala,
2177 663 2299 691 Auctor
2322 660 2399 691 dixit
2421 660 2487 691 duo
2509 670 2567 692 vo-

1503 702 1624 739 cabula,
1649 702 1766 733 scilicet
1788 703 1900 734 illicita
1924 711 1955 735 et
1977 709 2090 735 contra
2109 705 2225 746 legem,
2241 704 2405 735 referendo
2421 705 2565 736 illicitum

1503 745 1542 775 ad
1565 747 1614 777 ius
1638 753 1767 777 naturae
1794 747 1845 777 vel
1867 747 2026 784 divinum,
2051 755 2081 778 et
2110 754 2222 779 contra
2246 749 2348 790 legem
2372 749 2412 779 ad
2434 749 2484 779 ius
2507 749 2566 779 hu-

1503 799 1646 822 manum

1562 836 1597 866 In
1622 835 1732 865 eadem
1752 835 1960 874 responsione
1984 835 2108 866 adverte
2124 836 2223 886 quod,
2239 836 2311 867 licet
2334 836 2448 867 mulier
2462 837 2564 877 possit

1503 881 1561 913 sibi
1578 879 1710 910 retinere
1725 889 1762 909 ex
1777 879 1954 921 meretricio
1970 885 2042 909 actu
2056 879 2208 920 acquisita
2224 880 2291 910 sine
2307 881 2383 911 dolo
2400 887 2431 911 et
2445 880 2565 917 fraude,

1502 935 1584 967 quae
1607 931 1714 955 tamen
1737 922 1904 963 acquisivit
1922 932 1959 952 ex
1974 922 2129 954 simulatis
2144 923 2246 954 verbis
2261 930 2316 954 aut
2331 924 2420 955 factis
2443 930 2567 955 tenetur

1501 970 1676 1000 restituere:
1694 966 1880 998 huiusmodi
1896 977 2035 1007 namque
2051 966 2268 998 simulationes
2283 967 2458 1008 important
2473 968 2567 999 dolus

1502 1021 1532 1045 et
1555 1014 1655 1048 fraus,
1680 1018 1716 1042 ut
1739 1018 1825 1051 patet
1847 1011 1992 1051 superius
2007 1011 2024 1030 *
2046 1011 2079 1041 in
2103 1017 2235 1042 tractatu
2259 1011 2297 1042 de
2320 1011 2497 1051 prudentia.
2526 1011 2567 1043 Et

1501 1058 1578 1099 quia
1600 1067 1656 1097 per
1678 1055 1863 1086 huiusmodi
1881 1055 2100 1086 simulationes
2124 1055 2303 1096 frequenter
2318 1056 2356 1086 ab
2372 1055 2567 1086 amatoribus

1502 1109 1686 1142 extorquere
1709 1100 1866 1136 videntur,
1891 1100 1916 1130 si
1941 1100 2065 1130 crebrae
2081 1106 2184 1130 essent
2207 1099 2321 1130 harum
2343 1098 2566 1143 poenitentiae,

1500 1147 1594 1177 latius
1617 1151 1721 1176 essent
1744 1144 1888 1184 exempla
1910 1144 2075 1184 ponenda:
2101 1144 2155 1174 sed
2178 1143 2264 1184 ipsae
2279 1143 2414 1174 viderint
2436 1139 2514 1184 quid
2537 1150 2568 1175 et

1501 1197 1582 1231 quot
1605 1188 1832 1220 simulaverint.

1556 1234 1609 1264 IV.
1634 1233 1670 1263 In
1686 1232 1894 1272 responsione
1910 1232 1949 1262 ad
1968 1232 2107 1270 tertium,
2131 1231 2207 1272 quia
2229 1231 2288 1263 tria
2311 1237 2492 1268 tractantur,
2509 1230 2568 1262 sci-

1499 1278 1573 1308 licet
1596 1277 1635 1307 de
1651 1276 1785 1306 omnino
1802 1275 1914 1315 ignoto
1931 1276 2065 1306 domino
2081 1276 2136 1315 rei,
2161 1276 2199 1306 de
2214 1282 2354 1312 mortuo,
2372 1276 2411 1306 de
2426 1275 2567 1307 multum

1501 1322 1634 1352 distante
1649 1320 1676 1356 *‚
1694 1320 1733 1350 de
1749 1319 1895 1350 extremis
1911 1319 2092 1359 singillatim
2108 1326 2236 1360 oportet
2249 1319 2370 1360 aliquid
2385 1319 2495 1351 dicere.
2519 1319 2568 1350 De

1501 1365 1635 1396 omnino
1660 1373 1735 1403 ergo
1758 1364 1870 1403 ignoto
1895 1363 2029 1394 domino
2053 1370 2130 1394 nota
2151 1363 2224 1394 tria:
2248 1363 2366 1395 scilicet
2387 1363 2482 1401 uetiam,
2507 1370 2567 1395 ter·

1501 1409 1627 1440 minum
1650 1415 1680 1438 et
1703 1417 1912 1447 consequens.
1939 1407 2059 1444 Quoad
2079 1407 2180 1443 viam,
2204 1407 2275 1437 vide
2296 1407 2330 1438 in
2353 1407 2455 1439 littera
2477 1407 2567 1449 quod

1501 1462 1547 1485 est
1569 1453 1708 1493 diligens
1731 1452 1904 1492 inquisitio.
1928 1451 1969 1482 Et
1993 1451 2107 1482 dicitur
2130 1451 2261 1490 diligens
2282 1450 2446 1492 inquisitio
2469 1461 2568 1492 quam

1501 1497 1633 1537 diligens
1648 1496 1760 1532 homo,
1774 1503 1917 1526 accurate
1933 1495 2152 1536 investigando
2169 1495 2234 1531 ubi,
2247 1495 2389 1536 quando,
2401 1505 2458 1536 per
2473 1505 2567 1536 quos,

1500 1551 1518 1572 a
1541 1541 1677 1582 quibus,
1694 1547 1767 1576 etc„
1792 1539 1916 1571 faceret.
1948 1540 1990 1570 Et
2013 1550 2087 1570 cum
2110 1540 2150 1569 ad
2173 1539 2346 1570 terminum
2369 1549 2436 1570 non
2459 1548 2568 1580 perve-

1500 1585 1603 1616 niatur
1626 1584 1686 1615 nisi
1710 1584 1895 1624 pertransita
1917 1584 1985 1620 via,
2010 1594 2076 1614 non
2100 1584 2192 1614 debet
2215 1583 2259 1613 rei
2284 1583 2433 1614 dominus
2460 1583 2568 1615 habeti

1499 1639 1558 1670 pro
1582 1628 1717 1660 omnino
1740 1628 1853 1668 ignoto
1884 1628 1943 1658 nisi
1972 1635 2146 1669 postquam
2174 1627 2343 1668 praecessit
2366 1626 2498 1668 diligens
2520 1627 2568 1658 in-

1499 1673 1639 1715 quisitio.
1667 1673 1709 1703 Et
1730 1679 1898 1712 propterea
1921 1672 1946 1702 si
1970 1673 2041 1713 quis
2065 1673 2184 1713 absque
2206 1672 2413 1713 inquisitione
2435 1681 2503 1702 rem
2525 1670 2568 1702 al-

1499 1717 1596 1749 terius
1619 1716 1751 1757 pauperi
1775 1715 1927 1753 dedisset,
1951 1726 2017 1747 non
2041 1716 2258 1752 satisfecisset,
2283 1716 2339 1747 sed
2368 1722 2493 1747 tenetur
2519 1716 2568 1747 in-

1500 1806 1609 1836 denter
1632 1804 1778 1836 alienavit
1801 1804 1951 1835 alienum

1555 1850 1672 1887 Quoad
1695 1848 1879 1885 terminum,
1896 1848 1994 1878 vide
1986 1858 2019 1878 1n
2042 1848 2143 1880 littera
2167 1848 2256 1889 quod
2271 1849 2401 1879 omnino
2418 1849 2568 1889 ignotus:

1498 1894 1541 1924 ita
1563 1894 1669 1935 quod,
1693 1893 1867 1934 praemissa
1897 1892 2038 1932 diligenti
2060 1892 2285 1932 inquisitione,
2316 1892 2568 1932 perveniendum

1499 1944 1546 1968 est
1569 1938 1610 1968 ad
1633 1937 1694 1968 hoc
1717 1938 1805 1978 quod
1830 1937 1874 1967 rei
1897 1936 2049 1967 dominus
2072 1937 2112 1967 sit
2127 1936 2262 1967 omnino
2278 1936 2416 1976 ignotus.
2440 1936 2525 1967 Nam
2539 1935 2568 1967 si

1499 1982 1676 2022 aliqualiter
1692 1988 1773 2012 esset
1793 1988 1898 2018 notus,
1923 1987 2001 2021 puta
2024 1981 2113 2021 quod
2129 1987 2176 2011 est
2191 1990 2275 2011 unus
2290 1979 2361 2010 talis
2377 1979 2480 2017 villae,
2496 1986 2566 2017 etc„

1498 2027 1625 2057 deberet
1653 2025 1817 2066 inquisitio
1847 2026 1886 2055 ad
1914 2025 2064 2056 ulteriora
2092 2025 2283 2065 procedere,
2308 2030 2344 2054 ut
2372 2023 2568 2064 particularis

1478 2106 1481 2109 .
1499 2070 1611 2101 notitia
1634 2070 1800 2100 haberetur
1824 2069 1862 2099 de
1886 2069 2034 2105 domino,
2059 2075 2095 2099 ut
2117 2069 2257 2109 prudens
2279 2068 2328 2098 vir
2349 2068 2442 2100 sciret
2462 2068 2567 2109 inqui-

1499 2124 1574 2145 rere.
1592 2132 1613 2137 -
1632 2115 1754 2145 Rursus
1771 2114 1901 2155 quando
1917 2113 1987 2144 sciri
2012 2122 2078 2143 non
2093 2119 2199 2153 potest
2215 2112 2367 2143 dominus
2382 2112 2416 2142 in
2430 2112 2568 2153 particu-

1497 2158 1565 2195 lari,
1585 2159 1641 2189 sed
1664 2158 1761 2189 scitur
1783 2157 1874 2199 quasi
1899 2158 1957 2188 sub
1981 2156 2194 2188 disiunctione
2210 2157 2300 2198 quod
2323 2156 2417 2187 alicui
2431 2156 2568 2188 istorum

1499 2203 1639 2239 debetur,
1657 2212 1723 2233 non
1739 2208 1785 2233 est
1808 2201 1943 2233 omnino
1959 2201 2088 2240 ignotus
2107 2201 2269 2232 dominus.
2294 2201 2387 2232 Unde
2411 2201 2504 2232 debet
2522 2201 2566 2233 ei·

1498 2246 1575 2283 dari,
1592 2253 1623 2277 et
1646 2247 1695 2277 vel
1719 2246 1862 2277 distribui
1886 2245 2015 2282 eisdem,
2031 2246 2082 2276 vel
2104 2252 2140 2276 ut
2163 2251 2247 2276 sorte
2275 2244 2388 2286 aliquis
2419 2245 2566 2286 accipiat,

1498 2291 1628 2331 quando
1645 2290 1744 2321 divisa
1759 2300 1807 2321 res
1831 2290 1975 2331 pluribus
1999 2299 2065 2320 non
2085 2290 2249 2330 prodesset
2272 2295 2303 2320 et
2321 2289 2411 2320 unita
2427 2289 2566 2331 aliquem

1498 2335 1657 2366 relevaret.
1677 2335 1719 2365 Et
1733 2345 1773 2365 ne
1790 2334 1883 2366 alicui
1897 2333 1952 2364 fiat
1970 2334 2094 2370 iniuria,
2112 2334 2150 2364 de
2167 2343 2279 2364 eorum
2293 2334 2458 2364 voluntate
2472 2341 2566 2374 agen-

1499 2379 1577 2410 dum
1590 2386 1636 2410 est
1648 2378 1805 2420 quidquid
1821 2379 1980 2419 agendum
1996 2385 2052 2409 est.
2065 2395 2084 2400 -
2095 2378 2137 2409 Et
2147 2387 2204 2418 per
2217 2378 2282 2408 hoc
2297 2383 2382 2418 patet
2397 2377 2566 2418 quomodo

1499 2423 1610 2454 debeat
1632 2423 1752 2454 restitui
1776 2423 1866 2463 quod
1889 2429 2055 2462 acceptum
2071 2429 2117 2453 est
2135 2421 2167 2452 in
2187 2422 2271 2453 bello
2287 2421 2417 2458 iniusto,
2435 2422 2565 2462 quando

1499 2467 1606 2498 civitas
1626 2464 1709 2498 *data
1732 2473 1779 2497 est
1802 2467 1834 2497 in
1858 2467 2024 2506 praedam,
2055 2476 2114 2496 nec
2137 2466 2207 2496 sciri
2229 2472 2336 2507 potest
2359 2465 2410 2496 cui
2434 2466 2566 2497 debetur

1499 2511 1560 2542 hoc
1590 2511 1679 2552 quod
1709 2511 1747 2541 ab
1771 2510 1832 2541 hoc
1860 2510 2043 2550 poenitente
2074 2510 2306 2540 restituendum
2328 2516 2385 2540 est.
2415 2510 2490 2541 Non
2519 2517 2566 2542 est

1499 2555 1583 2586 enim
1609 2555 1750 2585 dandum
1774 2555 1976 2594 pauperibus,
1997 2564 2054 2585 nec
2073 2553 2356 2584 aedificandoesunt
2374 2553 2566 2585 monasteria

1498 2606 1554 2630 aut
1576 2598 1753 2639 hospitalia,
1779 2598 1954 2629 extantibus
1978 2599 2132 2629 damnum
2156 2597 2265 2638 passis,
2290 2598 2328 2628 de
2344 2597 2436 2628 bonis
2451 2607 2565 2630 eorum

1499 2643 1566 2673 sine
1590 2653 1703 2673 eorum
1725 2643 1898 2674 voluntate.
1922 2643 1988 2673 Nec
2011 2649 2199 2673 excusantur
2222 2642 2278 2683 qui
2302 2642 2458 2673 damnum
2481 2642 2565 2673 inm·

1498 2687 1602 2718 lerunt
1622 2697 1658 2718 ex
1675 2686 1858 2718 difficultate
1873 2686 2053 2728 inquirendi
2073 2693 2128 2717 aut
2150 2687 2212 2717 hoc
2235 2686 2385 2717 faciendi:
2409 2686 2564 2728 quonian

1499 2730 1718 2762 damnificator
1740 2731 1808 2771 ipse
1831 2731 1892 2761 fuit
1913 2731 1946 2762 in
1971 2731 2078 2771 culpa,
2103 2737 2133 2762 et
2155 2730 2264 2772 posuit
2287 2730 2429 2771 seipsum
2451 2731 2485 2762 in
2508 2731 2566 2762 hu-

1498 2775 1636 2807 iusmodi
1662 2775 1907 2812 difficultatibus,
1931 2775 2082 2816 ponendo
2107 2774 2186 2806 alios
2209 2775 2242 2806 in
2266 2782 2459 2815 paupertate.

1554 2820 1672 2858 Quoad
1687 2819 1720 2849 id
1735 2829 1810 2850 vero
1819 2819 1914 2860 ·quod
1932 2819 2074 2860 sequitur
2093 2819 2223 2860 quando
2243 2819 2393 2850 dominus
2409 2826 2456 2850 est
2473 2819 2566 2860 igno-

1498 2871 1559 2901 tus,
1571 2864 1643 2894 vide
1659 2863 1691 2894 in
1706 2863 1807 2894 littera
1823 2863 1912 2904 quod
1929 2864 2021 2894 debet
2036 2862 2064 2894 ei
2081 2863 2202 2894 restitui
2217 2873 2253 2894 eo
2266 2863 2360 2894 modo
2375 2873 2437 2904 quo
2446 2868 2564 2904 potest,

1499 2908 1615 2939 scilicet
1644 2908 1805 2948 erogando
1833 2908 1914 2938 illud
1943 2907 2074 2938 nomine
2102 2907 2188 2938 illius
2216 2907 2410 2948 pauperibus
2436 2906 2564 2939 Chris&

1499 2953 1549 2984 Sic
1564 2952 1649 2983 enirn
1669 2952 1809 2983 redditur
1827 2953 1951 2983 bonum
1966 2952 2044 2983 utile
2059 2958 2095 2982 ut
2111 2951 2150 2982 sit
2165 2951 2243 2982 utile
2259 2951 2462 2991 spiritualiter
2476 2951 2566 2992 quud

1498 3007 1565 3027 non
1588 3003 1693 3037 potest
1715 2996 1760 3027 ini
1784 2996 1872 3027 reddi
1902 3002 1938 3027 ut
1961 2996 2000 3027 sit
2023 2995 2100 3027 utile
2123 2996 2328 3036 corporaliter
2348 2996 2399 3027 vel
2421 2995 2564 3036 spiritua-

1499 3041 1569 3072 liter
1581 3041 1621 3071 ad
1636 3040 1800 3071 arbitrium
1816 3040 1949 3071 domini.
1963 3058 1984 3064 -
1999 3041 2041 3072 Et
2055 3040 2130 3071 hinc
2145 3040 2241 3071 habes
2257 3040 2451 3071 solutionem
2468 3049 2563 3082 quae-

1499 3085 1610 3116 stionis
1633 3085 1710 3126 quid
1734 3085 1894 3125 agendum
1917 3091 1963 3115 est
1986 3085 2024 3115 de
2041 3094 2115 3115 casu
2138 3083 2272 3115 inventis
2295 3084 2483 3116 habentibus
2506 3083 2564 3115 do-

1499 3129 1634 3165 minum,
1651 3129 1781 3170 quando
1805 3128 1956 3159 dominus
1976 3135 2023 3159 est
2045 3128 2179 3159 omnino
2198 3128 2336 3169 ignotus.
2360 3128 2441 3159 Dico
2458 3134 2565 3162 autem

1499 3173 1686 3204 habentibus
1707 3173 1891 3203 dominum:
1913 3172 1989 3213 quia
2013 3172 2051 3203 de
2074 3172 2209 3203 inventis
2233 3172 2492 3213 distinguendum
2507 3171 2566 3203 ‘erit

1499 3217 1630 3247 inferius
1653 3217 1686 3247 in
1709 3226 1764 3256 qu.
1781 3227 1852 3254 vat
1866 3216 1895 3247 *.
1918 3217 2043 3247 Debent
2065 3217 2151 3247 enirn
2173 3217 2250 3248 haec
2273 3217 2395 3257 erogari
2417 3216 2564 3257 pnuperi-
2593 3226 2600 3233 ·

1499 3261 1569 3291 bus.
1600 3261 1642 3292 Et
1664 3270 1739 3291 cum
1760 3260 1828 3300 ipse
1850 3260 1997 3292 inventor
2026 3270 2092 3292 non
2117 3261 2155 3292 sit
2184 3261 2346 3292 deterioris
2373 3260 2564 3301 conditionis

1500 3315 1538 3335 ex
1560 3305 1622 3336 hoc
1645 3305 1734 3345 quod
1756 3304 1889 3341 invenit,
1913 3311 2018 3345 potest
2041 3305 2099 3336 sibi
2122 3305 2198 3346 ipsi,
2225 3305 2250 3336 si
2273 3315 2394 3346 pauper
2417 3312 2473 3345 est,
2497 3314 2564 3335 non

1500 3349 1605 3379 minus
1629 3359 1727 3389 quam
1743 3348 1840 3385 alteri,
1858 3349 2016 3389 applicare
2040 3349 2327 3391 eleemosynaliter:
2359 3349 2440 3379 sicut
2462 3348 2489 3379 is
2513 3348 2563 3380 cui

1500 3393 1670 3424 commissa
1693 3399 1739 3423 est
1762 3392 1940 3424 distributio
1965 3393 2146 3434 aliquarum
2167 3394 2440 3434 eleemosynarum
2459 3400 2565 3432 potest

1500 3438 1640 3478 seipsum
1665 3443 1849 3477 computare
1872 3437 1904 3467 in
1928 3447 2063 3468 nurnero
2087 3447 2280 3478 pauperum,
2305 3437 2331 3467 si
2354 3446 2475 3477 pauper
2498 3444 2563 3474 est,

1500 3489 1531 3512 et
1554 3481 1737 3512 distribuere
1760 3481 2038 3532 proportionaliter
2053 3481 2111 3512 sibi
2127 3481 2208 3512 sicut
2227 3481 2289 3518 alii,
2306 3481 2484 3512 secundum
2497 3483 2564 3512 Au-

1501 3525 1594 3557 ctoris
1618 3525 1795 3556 doctrinam
1819 3526 1964 3566 superius
1979 3526 1997 3545 '⁸‘
2019 3526 2168 3557 habitam.

2591 1015 2658 1042 Qu.
2664 1019 2748 1042 u,art.
2757 1021 2804 1043 ⁴v5·

2594 1325 2605 1335 '⁴
2619 1323 2654 1346 Cf.
2669 1329 2733 1346 num.
2747 1330 2770 1345 v.

2661 3239 2667 3245 .
2680 3229 2700 3251 5,
2715 3223 2743 3244 as
2758 3228 2778 3244 2.
2791 3233 2801 3239 -

2592 3249 2627 3272 Εἰ.
2642 3249 2772 3272 (hminem.

2672 3527 2729 3571 ’et'
2731 3525 2802 3570 83ss*

2590 3523 2670 3578 ἒξ,

1555 3570 1593 3600 V.
1618 3569 1666 3600 De
1685 3570 1825 3600 multum
1841 3577 1948 3601 autem
1971 3569 2104 3601 distante
2128 3569 2261 3600 domino
2278 3569 2331 3605 rei,
2349 3569 2374 3600 si
2392 3569 2563 3600 commode
2592 3579 2663 3597 ment.
