2860 4244
96 757 217 779 *Mi-tot.
227 757 309 780 W·

86 783 257 831 Ἴ1ἰιι.11,<ιςι.
274 788 309 810 n,

95 809 196 857 lueet8
162 841 189 857 ιι
259 809 309 831 Th·

3 1566 14 1573 “·
47 1560 310 1627 fausta-s

58 1884 66 1891 ²
96 1879 308 1903 ‘Can-Pernen·-

41 2082 53 2115 ἐι
90 2095 108 2107 ’“
121 2094 179 2124 Cap.
191 2101 208 2118 ι.

97 2143 108 2155 ·
121 2142 169 2166 cii.
181 2147 260 2171 snpra.

97 2445 310 2515 &aeabata-

0 2577 14 2610 k

0 2613 14 2646 ἵ,
97 2620 110 2632 ’
115 2619 312 2648 Quamnam-m.

323 3209 400 3247 ,dem
417 3221 497 3246 verba
519 3222 652 3246 audientes
671 3221 825 3253 (andiemes
847 3228 901 3246 orm
920 3222 957 3248 H)
979 3221 1001 3246 si
1020 3222 1210 3254 inter-ingenuit
1233 3222 1398 3255 (interroga-

998 237 1265 283 QUAESTIO
1294 238 1463 285 LXVIII,
1491 237 1787 276 ARTICULUS
1817 239 1849 275 Il
2439 240 2508 276 105

1014 367 1348 400 Commentaria
1368 367 1620 401 Garamans
1640 367 1841 402 Caietam·

371 458 391 478 n
419 447 550 478 articulo
581 447 686 487 primo
715 446 908 487 quaestionis
937 445 1295 486 maguimeoetavae,
1320 454 1394 477 cave
1449 448 1622 478 ditionibus
1651 457 1805 488 personae
1833 447 2014 487 puniendae
2037 447 2070 478 in
2094 447 2277 487 exemplum
2300 447 2446 479 aliorum.
2478 449 2510 479 Si

345 459 583 532 Iignorantiam
605 491 735 521 illorum
764 490 821 531 qui
843 497 957 530 putant
979 490 1140 520 neminem
1163 490 1260 521 teneri
1283 491 1323 520 ad
1347 500 1396 521 ac·
1420 454 1423 525 i
1448 498 1555 522 autem
1577 491 1666 522 aliter
1687 501 1753 521 non
1778 498 1882 531 potest
1913 501 2011 532 quam
2034 501 2090 532 per
2113 491 2322 522 accusationis
2345 491 2428 522 viam
2457 502 2511 532 pe-

340 535 548 573 cusationem,
560 535 615 565 sed
629 534 864 565 accusationem
879 534 969 574 quasi
985 543 1052 564 esse
1068 541 1177 564 contra
1192 541 1396 574 praeceptum
1421 533 1423 552 ³
1448 535 1548 566 riculo
1572 535 1784 565 multitudinis
1812 536 1955 572 obviare,
1980 542 2104 566 tenetur
2133 536 2173 565 de
2195 535 2379 566 necessitate
2403 536 2513 567 salutis

340 579 500 615 divinum,
522 579 656 611 Dimitte
677 578 775 613 nobis
787 577 891 609 debita
910 582 1022 608 nostra
1043 584 1101 608 etc.
1129 579 1204 609 Non
1231 579 1398 609 advertunt
1448 579 1488 609 ad
1511 578 1758 610 accusationem.
1783 579 1925 620 alioquin
1948 589 2014 610 non
2034 579 2177 619 diligeret
2198 580 2323 610 bonum
2338 589 2511 611 commune

338 622 389 654 isti
416 622 505 664 quod
528 630 595 653 non
616 621 723 652 minus
746 627 869 656 tenetur
891 618 1005 662 aliquis
1028 631 1207 655 succurrere
1231 621 1396 653 communi
1422 625 1423 653 ἢ
1449 628 1547 663 opere
1567 627 1598 652 et
1620 623 1762 654 veritate.

339 664 528 699 den-lmento
548 662 706 709 corporali
728 663 779 695 vel
801 664 956 709 spirituali
985 675 1084 707 quam
1106 666 1243 706 privato:
1275 672 1397 707 quanto
1422 660 1423 705 ξ
1502 660 1687 696 Ridiculum
1715 672 1822 696 autem
1852 673 1898 697 est
1924 667 2073 697 inducere
2105 666 2145 697 ad
2170 666 2233 697 hoc
2255 665 2336 697 illud
2359 667 2511 698 orationis

338 710 462 742 bonnm
474 716 659 741 §commune
680 713 711 739 et
731 706 871 740 divinius
893 714 940 740 est
962 713 995 739 et
1014 710 1186 741 amabilius
1213 717 1311 751 quam
1334 709 1423 750 pri-1
1450 708 1651 744 Dominicae‚
1674 709 1808 740 Dimitte
1831 710 1919 741 nobis
1940 711 2044 741 debita
2068 715 2199 742 nostra:
2222 719 2295 741 cum
2319 720 2386 742 non
2407 710 2511 748 suam,

336 752 489 785 munda
519 752 653 784 Constat
676 758 787 783 autem
815 753 905 793 quod
934 759 1060 784 tenetur
1087 754 1220 794 quilibet
1241 753 1343 784 sciens
1360 754 1398 783 ‘et
1421 752 1423 791 1
1450 753 1505 783 sed
1519 752 1672 792 proximi;
1696 763 1762 783 non
1778 753 1883 790 unius,
1900 755 1955 784 sed
1978 754 2190 786 multitudinis
2214 760 2341 785 causam
2369 761 2441 795 agat
2462 765 2511 786 ae-

336 803 451 839 potons
480 797 647 829 subvenire
674 797 816 837 periculo
838 797 1036 837 corruptelae
1057 798 1231 837 spiritualis
1251 798 1304 829 vel
1329 805 1398 828 cor·
1451 799 1576 828 cusator
1598 796 1794 828 huiusmodi.
1817 798 1860 828 Et
1873 797 1900 828 si
1915 807 2007 829 suam
2026 805 2130 838 ageret
2151 806 2288 834 causam.
2306 807 2372 829 non
2388 805 2513 830 tenetur

336 842 459 892 parulis
475 841 632 883 proximi,
644 840 774 872 servatis
797 841 910 872 debitis
929 840 1176 874 conditionibus.
1200 841 1305 878 Multo
1321 850 1396 881 ergo
1422 876 1423 880 Ἰ
1450 850 1487 874 ex
1501 840 1572 874 ,hac
1601 840 1709 871 divina
1736 842 1933 872 institutione
1959 842 2134 879 remittere,
2157 843 2236 883 quin
2258 843 2333 874 velit
2358 843 2511 874 iustitiam

336 885 436 925 magis
459 891 583 916 tenetur
605 874 770 916 subvenire
795 885 935 926 periculo
959 885 1099 926 publico.
1201 913 1205 915 o
1422 911 1423 923 2
1450 884 1564 915 habere
1587 884 1697 915 locum
1720 894 1828 916 suum:
1854 886 1909 916 sed
1931 895 1998 917 non
2021 896 2058 916 ex
2077 887 2234 926 passione,
2249 897 2315 917 non
2331 897 2368 917 ex
2383 888 2511 927 propria

391 929 475 960 Scito
492 929 587 980 igitur
604 930 694 970 quod
715 929 791 971 quia
811 929 969 960 accusatio
985 928 1150 960 ordinatur
1164 919 1205 958 ad
1223 929 1397 959 commune
1422 933 1423 963 ξ
1450 927 1635 959 auctoritate
1657 927 1826 959 vindicare.

336 974 469 1009 bonurn,
493 973 519 1003 si
543 972 643 1004 sciens
666 972 785 1004 crimen
804 973 931 1004 alterius
953 974 1043 1014 quod
1064 973 1099 1003 in
1121 969 1298 1012 perieulum
1314 971 1397 1001 mul·
1505 971 1540 1001 In
1564 971 1771 1011 responsione
1794 972 1834 1002 ad
1857 972 2008 1012 primum,
2027 973 2152 1003 adverte
2175 974 2264 1014 quod
2287 973 2342 1014 qui
2366 984 2512 1004 accusare

335 1017 482 1048 titudinis
502 1024 618 1058 vergat,
638 1022 672 1048 et
695 1017 814 1048 habena
836 1022 929 1048 testes
948 1017 1070 1057 quibus
1092 1020 1199 1056 potest
1215 1015 1301 1046 illud
1324 1024 1398 1055 pro-
1422 1036 1424 1039 s
1451 1015 1658 1055 prohibentur
1688 1023 1823 1055 possunt
1852 1023 1883 1046 et
1909 1016 2024 1047 debent
2053 1017 2086 1046 in
2114 1027 2207 1053 casu,
2237 1024 2272 1047 ut
2300 1017 2512 1048 multitudinis

336 1062 419 1099 bar-e,
443 1068 563 1101 potest
570 1071 627 1102 pn·
645 1061 744 1097 aliam
758 1061 849 1094 viam
861 1070 964 1101 quam
983 1070 1057 1100 per
1065 1059 1301 1093 accusationem
1322 1069 1396 1099 pro-
1423 1075 1424 1078 =
1449 1059 1593 1099 periculo
1615 1066 1825 1096 succurratur,
1848 1060 1946 1090 iudici
1965 1060 2100 1091 revelare
2122 1070 2291 1101 personam
2309 1061 2511 1092 criminosam

336 1105 442 1142 videre
471 1106 575 1139 bono
574 1105 810 1147 ιιιιιιιιιιιάιιιιε,
835 1114 901 1135 non
930 1110 1055 1136 tenetur
1077 1103 1118 1133 ad
1144 1103 1424 1136 accusationem}
1450 1110 1481 1134 et
1502 1110 1614 1140 testes,
1639 1114 1714 1134 curn
1742 1104 1832 1135 certis
1855 1104 2106 1140 circumstantiis,
2131 1112 2166 1135 ut
2188 1105 2239 1135 vel
2262 1115 2298 1135 ex
2323 1105 2429 1136 officio
2453 1115 2512 1136 suo

335 1147 411 1203 licet
429 1145 512 1201 licite
528 1141 644 1190 posset
666 1159 703 1190 ext
725 1141 794 1182 zelo
818 1141 953 1179 iustitiae
977 1157 1136 1184 accusare,
1160 1147 1298 1188 pensatis
1323 1157 1398 1179 con-
1423 1142 1425 1176 ’1
1450 1147 1544 1185 iudex
1564 1147 1733 1190 providere
1757 1147 1858 1188 possit
1880 1147 2081 1188 reipublicae.

1110 1296 1428 1344 ARTICULUS
1457 1299 1756 1343 SECUNDUS

754 1391 910 1424 UTRUM
933 1392 1001 1424 SIT
1022 1389 1323 1423 NECESSARIUM
1345 1388 1688 1423 ACCUSATIONEM
1713 1392 1756 1423 IN
1780 1390 1968 1424 SCRIPTIS
1991 1393 2102 1424 FIERI

1243 1470 1341 1500 Quodl.
1359 1470 1402 1500 xl,
1423 1477 1467 1502 qu.
1486 1477 1510 1501 x,
1529 1475 1577 1495 art.
1598 1478 1622 1496 2.

414 1551 428 1563 r
442 1562 449 1573 ¹
485 1549 549 1575 ”
549 1568 773 1598 DsEcuNDuu
783 1569 837 1604 sic
847 1556 1113 1595 Pkocrznffuff.
1124 1548 1283 1594 Videtur
1294 1558 1398 1605 qu'od
1451 1564 1542 1594 cum
1562 1554 1676 1594 debet
1693 1554 1865 1607 proferre
1893 1558 2132 1607 sententiam,
2152 1559 2224 1599 nisi
2243 1555 2351 1598 ‘esset
2370 1561 2409 1598 in
2428 1562 2516 1599 scri-

519 1613 629 1674 non
664 1611 711 1648 sit
745 1610 1003 1656 necessarium
1040 1610 1323 1654 accusationem
1359 1609 1397 1646 in
1424 1626 1425 1654 ς
1451 1609 1524 1658 Ριί5
1553 1607 1762 1647 redactum.
1801 1611 1850 1648 Et
1877 1607 1964 1647 ideo
1999 1608 2267 1650 rationabiliter
2303 1614 2513 1651 institutum

479 1654 695 1714 ''fs'criptis
721 1662 815 1701 fie'ri.
845 1661 1040 1712 Scriptura
1062 1663 1164 1700 enim
1186 1660 1399 1700 adinventa
1424 1659 1425 1662 '
1453 1670 1509 1700 est
1526 1670 1567 1699 ut
1586 1663 1788 1712 accusatio,
1805 1663 1900 1700 sicut
1920 1671 1956 1700 et
1975 1664 2045 1700 alia
2061 1677 2159 1714 quae
2178 1665 2218 1703 in
2241 1666 2380 1703 iudicio
2400 1679 2515 1715 agun-

431 1723 493 1751 ··›,.›
510 1713 539 1754 Ὢ,
550 1725 606 1755 est
633 1717 682 1754 ad
705 1717 1012 1769 subveniendum
1031 1717 1223 1762 humanae
1251 1727 1398 1753 memo·
1424 1735 1426 1761 3
1451 1723 1523 1763 tur,
1544 1714 1762 1763 redigantur
1781 1720 1798 1737 α
1826 1715 1865 1752 ιιι
1893 1716 2050 1765 scriptis.

425 1757 540 1806 circa
565 1760 779 1819 praeterita.
810 1769 886 1814 Sed
915 1765 1104 1807 accusatio
1134 1769 1172 1806 in
1209 1768 1425 1818 praesenti
1505 1770 1564 1805 Ao
1602 1781 1740 1806 PRIMUM
1776 1780 1875 1806 ERGO
1903 1781 2089 1807 monimum
2126 1770 2232 1818 quod
2269 1769 2421 1808 difficile
2461 1782 2516 1809 est

335 1754 466 1879 agitiir.
496 1822 599 1872 Ergo
627 1821 818 1861 accusatio
846 1814 1030 1873 scriptura
1057 1834 1136 1859 non
1164 1820 1316 1870 indiget.
1425 1823 1427 1838 ³
1453 1814 1599 1871 singula
1617 1822 1747 1869 verba,
1763 1829 1920 1871 propter
1939 1834 2074 1859 eorum
2094 1821 2374 1861 multitudinem
2395 1832 2431 1861 et
2449 1838 2515 1862 va-

389 1875 671 1926 2.PRA'13TEREA,
688 1876 733 1923 11,
750 1886 814 1924 qu.
823 1875 925 1924 v111*‚
943 1874 1092 1913 dicitur.
1112 1874 1252 1912 Nullus
1267 1875 1400 1911 absens
1452 1873 1637 1922 rietatem,
1657 1873 1840 1912 retinere:
1871 1874 1978 1912 cuius
2006 1875 2155 1924 signum
2176 1884 2232 1913 est
2259 1877 2365 1926 quod
2393 1878 2514 1926 multi,

334 1930 526 1967 accusare
533 1932 666 1979 potest,
686 1936 755 1965 n'ec
779 1929 828 1966 ab
846 1928 972 1976 aliquo
992 1939 1176 1980 accusari.
1206 1927 1284 1964 Sed
1312 1927 1400 1970 scri-
1425 1949 1427 1971 ι
1454 1928 1590 1965 eadem
1618 1927 1737 1964 verba
1779 1928 1992 1975 audientes,
2031 1929 2061 1965 si
2098 1929 2394 1977 interrogentur,
2436 1943 2515 1969 non

334 1990 446 2032 ptura
464 1980 512 2019 ad
535 1983 610 2019 hoc
628 1980 779 2019 videtur
799 1993 880 2018 esse
908 1975 1017 2018 ιιιιῙι5
1031 1986 1074 2018 ιιι
1097 1980 1316 2018 absentibus
1335 1967 1400 2018 ali-
1425 1998 1427 2035 j
1453 1981 1615 2018 referent
1651 1993 1696 2018 ea
1732 1981 1901 2022 similiter
1929 1981 2041 2018 etiam
2073 1990 2161 2030 post
2197 1983 2393 2020 modicum
2421 1991 2515 2020 tem-

361 2035 428 2072 uid
455 2035 702 2084 significetur:
732 2042 774 2071 ut
795 2041 899 2084 patet
923 2046 994 2083 per
1011 2035 1280 2086 Augustinum,
1300 2032 1338 2071 X
1354 2033 1401 2070 de
1425 2039 1427 2046 ⁴
1452 2047 1536 2083 pus.
1565 2035 1615 2070 Et
1633 2040 1763 2071 tamen
1790 2034 1943 2071 modica
1962 2034 2170 2073 verborum
2198 2034 2408 2073 differentia
2431 2049 2515 2074 sen-

361 2089 444 2125 rin.
464 2081 486 2109 ⁴²
523 2083 666 2150 Ergo
652 2087 694 2124 ιιι
721 2087 962 2142 accusatione
993 2094 1071 2124 n'on
1105 2093 1160 2124 est
1187 2086 1399 2140 necessaria
1425 2087 1427 2093 ’
1453 2099 1538 2124 5ιιιιι
1557 2087 1689 2124 variat.
1719 2087 1768 2123 Et
1787 2087 1887 2135 ideo,
1909 2087 2023 2125 etiam
2043 2087 2072 2124 si
2091 2095 2179 2137 post
2198 2088 2396 2126 modicum
2421 2096 2514 2128 tem-

335 2131 536 2195 scriptuf'a:
561 2137 789 2191 praesertim
805 2148 894 2177 cum
906 2135 1072 2178 canon*
1092 2139 1191 2185 dicat
1208 2140 1314 2191 quod
1326 2151 1401 2188 per
1453 2153 1525 2190 pus
1554 2139 1692 2177 debeat
1716 2138 1850 2177 iudicis
1880 2140 2064 2178 sententia
2086 2141 2343 2191 promulgari
2364 2143 2515 2191 expedit

334 2193 476 2249 scripta
496 2187 642 2233 nullius
665 2193 854 2243 accusatio
882 2192 1118 2242 suscipiatur.
1452 2201 1582 2230 tamen
1606 2193 1654 2230 ad
1683 2188 1944 2231 certitudinem
1974 2192 2144 2230 iudiciifl
2170 2201 2212 2231 ut
2238 2194 2428 2232 accusatio
2458 2208 2514 2233 re-

391 2244 427 2284 3.
431 2240 680 2295 Paternum,
706 2246 803 2292 sicut
829 2246 974 2283 crimen
1001 2244 1157 2283 alicuius
1185 2245 1400 2282 manifesta·
1454 2246 1599 2294 digatur
1626 2246 1665 2282 in
1693 2245 1849 2295 scriptis.

335 2307 397 2337 tur
431 2303 501 2359 per
536 2299 840 2347 accusationem,
870 2298 920 2336 ita
954 2311 1023 2348 per
1058 2299 1397 2341 denuntiationem.
1505 2301 1564 2336 AD
1593 2310 1783 2336 SECUNDUM
1802 2310 1985 2336 ῡιεΕΝιιυΜ
2015 2299 2120 2347 quod
2143 2299 2328 2348 scriptura
2355 2312 2435 2338 non
2455 2313 2514 2337 5ο-

337 2343 442 2390 sed‘
434 2356 473 2389 ιιι
492 2350 776 2399 denuntiatione
796 2364 875 2392 non
895 2359 952 2389 est
970 2351 1154 2401 scriptura
1173 2352 1397 2389 necessaria.
1452 2354 1543 2395 lum
1550 2351 1779 2395 ,necessaria
1808 2360 1863 2388 est
1895 2359 2052 2400 propter
2079 2352 2289 2390 absentiam
2326 2365 2514 2402 personae

336 2403 439 2454 Ergo
466 2401 622 2443 videtur
644 2405 750 2453 quod
778 2417 903 2454 neque
933 2405 1045 2442 etiam
1077 2405 1116 2443 in
1145 2405 1398 2442 accusatione.
1424 2446 1426 2456 2
1453 2407 1551 2454 quae
1581 2402 1765 2452 significat
1783 2405 1846 2441 vel
1875 2404 1936 2441 cui
1964 2411 2020 2441 est
2039 2403 2178 2454 aliquid
2207 2405 2512 2454 significandum,

389 2458 465 2503 SED
484 2468 637 2495 coum«
649 2470 716 2496 Ε5τ
743 2458 849 2508 quod
873 2457 1007 2496 dicitur
1026 2459 1071 2506 ΙΙ,
1091 2470 1155 2507 qu.
1176 2470 1237 2495 vm
1256 2457 1296 2494 *z
1325 2459 1398 2495 Ac·
1453 2459 1520 2495 sed
1541 2458 1654 2494 etiam
1671 2465 1827 2506 propter
1854 2457 2074 2494 dilationem
2093 2459 2289 2507 temporis,
2309 2466 2351 2496 ut
2370 2458 2512 2497 dictum

336 2515 553 2560 casatorum
585 2516 773 2560 personae
799 2511 879 2548 sine
893 2510 1041 2560 *scripto
1076 2521 1270 2560 nunquam
1306 2511 1399 2548 reci·
1453 2518 1509 2548 est
1526 2510 1557 2547 ²¹².
1587 2511 1637 2547 Et
1664 2510 1750 2547 ideo
1779 2522 1867 2546 cum
1897 2510 1985 2547 dicit
2013 2523 2149 2558 canon,
2168 2512 2242 2548 Per
2267 2513 2405 2560 scripta
2433 2513 2514 2550 nul—

329 2563 500 2612 piantur.
1453 2564 1523 2600 lius
1558 2564 1746 2600 accusatio
1782 2563 2026 2611 suscipiatur,
2059 2563 2343 2612 intelligendum
2382 2574 2437 2603 est
2464 2567 2512 2603 ab

390 2617 616 2654 Rssspoumzo
635 2629 820 2654 mensuum
839 2617 956 2664 quod,
973 2617 1067 2653 sicut
1087 2629 1202 2665 supra
1214 2616 1236 2638 ²¹⁶
1255 2616 1398 2653 dictum
1425 2613 1426 2655 ξ
1453 2617 1608 2654 absente
1628 2622 1655 2662 Υ,
1682 2617 1746 2664 qui
1765 2629 1834 2665 per
1853 2616 2053 2664 epistolam
2073 2617 2353 2654 accusationem
2379 2619 2511 2656 mittat.

338 2677 405 2716 est,
425 2669 579 2717 quando
609 2670 647 2706 in
667 2669 885 2706 criminibus
911 2682 981 2718 per
1000 2670 1162 2706 modum
1191 2669 1397 2706 accusatio-
1425 2702 1426 2712 ,
1453 2670 1545 2706 Νοιι
1573 2677 1702 2706 tamen
1730 2669 1938 2705 excluditur
1965 2669 2069 2717 quin,
2090 2670 2121 2706 si
2140 2667 2153 2691 δ
2180 2682 2361 2718 praesens
2389 2672 2511 2719 fuerit,

338 2721 396 2759 nis
424 2721 561 2769 agitur,
591 2729 790 2760 accusator
817 2722 1052 2760 constituitur
1078 2735 1186 2771 pars,
1216 2722 1266 2758 ita
1294 2722 1398 2770 quod
1425 2736 1426 2749 2
1453 2722 1666 2759 necessaria
1693 2722 1739 2758 sit
1767 2722 1961 2770 scriptura.

337 2774 451 2812 iudex
479 2774 575 2811 inter
611 2781 872 2812 accusatorem
911 2781 947 2811 et
974 2787 1065 2812 eum
1101 2775 1168 2823 qui
1200 2782 1399 2812 accusatur
1505 2777 1566 2812 An
1597 2786 1756 2812 τΕιιτιυΜ
1793 2786 1976 2811 morannum
2014 2774 2119 2823 quod
2156 2774 2397 2812 denuntiator
2433 2789 2511 2813 non

338 2827 488 2864 medius
517 2827 753 2864 constituitur
779 2828 826 2864 ad
856 2838 1016 2864 examen
1042 2828 1223 2864 iustitiae:
1248 2827 1291 2864 ¹in
1319 2840 1397 2875 quo
1426 2835 1427 2840 ’
1453 2827 1594 2874 obligat
1621 2839 1662 2864 se
1695 2828 1743 2864 ad
1771 2827 2036 2875 probandum:
2063 2827 2166 2864 unde
2199 2839 2270 2864 nec
2297 2827 2453 2876 punitur
2481 2829 2511 2866 si

339 2887 501 2928 oportet,
523 2887 707 2928 quantum
726 2879 904 2928 possibile
924 2887 991 2926 est,
1011 2881 1222 2917 secundum
1251 2880 1398 2916 certitu·
1425 2883 1427 2886 '
1451 2881 1615 2939 probare
1642 2879 1865 2928 nequiverit.
1896 2880 1945 2916 Et
1971 2887 2127 2927 propter
2145 2880 2219 2916 hoc
2246 2879 2284 2916 in
2313 2880 2510 2918 denuntia-

340 2933 468 2970 dinem
487 2933 705 2980 procedere.
736 2933 836 2979 Quia
862 2945 956 2969 vero
982 2944 1027 2969 ea
1045 2945 1143 2981 quae
1165 2933 1401 2970 verbotenus
1425 2938 1427 2954 ³
1451 2932 1555 2970 tione
1581 2944 1661 2969 non
1688 2940 1744 2970 est
1765 2932 1979 2968 necessaria
2007 2932 2199 2980 scriptura,
2221 2933 2287 2969 sed
2316 2934 2454 2970 sufficit
2481 2934 2510 2971 si

341 2985 516 3022 dicuntur
542 2985 647 3022 facile
675 2985 852 3022 labuntur
880 2998 902 3022 a
929 2985 1134 3032 memoria,
1163 2997 1242 3022 non
1268 2993 1399 3033 posset
1424 2960 1427 3028 Ῐ
1452 2985 1584 3033 aliquis
1602 2985 1723 3021 verbo
1753 2984 1948 3021 denuntiet
1967 2985 2170 3031 Ecclesiae,
2192 2997 2291 3033 quae
2312 2997 2357 3023 ex
2381 2987 2509 3023 officio

340 3038 452 3075 'rudici
488 3050 570 3075 esse
603 3045 748 3075 certum
786 3037 878 3087 quid
906 3045 943 3075 et
977 3038 1135 3087 qualiter
1162 3038 1305 3075 dictum
1333 3038 1379 3075 sit
1405 3065 1427 3082 ‚
1452 3050 1522 3075 suo
1549 3038 1731 3087 procedet
1758 3038 1806 3075 ad
1834 3037 1955 3074 fratris
1981 3014 2297 3075 emendationem.

393 3151 422 3183 α)
441 3151 610 3184 redigantur.
624 3164 644 3170 -
661 3150 804 3184 redigatur
822 3150 944 3184 PGHILp
947 3151 1015 3176 KsC.

394 3185 419 3219 β)
438 3186 514 3211 cuius
531 3186 637 3219 signum
651 3189 718 3211 est...
731 3185 831 3211 indicii.
843 3201 863 3205 —
881 3194 896 3211 κ
908 3187 980 3211 cuius
999 3186 1103 3219 signum
1121 3191 1162 3212 est
1180 3186 1250 3220 quod
1269 3187 1342 3212 multi
1356 3194 1398 3211 ea-

1453 3151 1584 3176 modicum
1603 3157 1706 3184 tempus
1729 3151 1822 3176 debeat
1845 3151 1934 3176 iudicis
1959 3152 2084 3177 sententia
2109 3151 2283 3184 promulgari,
2303 3151 2403 3184 expedit
2425 3157 2510 3177 tamen

1454 3187 1553 3220 (tamen
1573 3195 1626 3211 om.
1645 3186 1701 3218 PG)
1721 3187 1753 3212 ad
1772 3186 1948 3211 certitudinem
1967 3186 2062 3211 iudicii.
2077 3195 2092 3210 ιι

1505 3223 1532 3255 γ)
1550 3222 1585 3247 ab
1598 3222 1714 3247 absente.
1724 3235 1743 3241 -
1762 3221 1795 3246 de
1807 3222 1913 3247 absente
1931 3221 2006 3251 PGL.
2025 3222 2132 3247 absente
2149 3220 2214 3253 pr,
2232 3221 2351 3246 absolute
2364 3222 2395 3251 Κ,
2414 3222 2452 3246 ad
2464 3223 2510 3247 ab·

338 3260 433 3282 rentur
445 3257 493 3289 Pa)
509 3265 562 3282 non
573 3257 686 3282 referent
698 3257 832 3290 (raserunt
850 3257 929 3288 CGL,
939 3258 1074 3290 referrent
1090 3257 1222 3290 PADffla)
1237 3265 1268 3283 ea
1282 3257 1400 3283 similiter
1451 3261 1526 3283 sente
1542 3258 1576 3283 D.
1587 3272 1605 3277 -
1624 3257 1674 3282 Pro
1689 3264 1742 3290 per
1752 3257 1899 3289 epistolam,
1915 3264 1967 3289 per
1979 3258 2081 3289 scripta
2095 3257 2150 3287 DG,
2164 3264 2217 3288 per
2228 3257 2355 3288 scriptam
2370 3257 2388 3288 l,
2403 3263 2510 3289 perem-

339 3293 416 3318 etiam
466 3297 490 3317 st
501 3292 632 3317 modicum
645 3297 759 3325 tempus.
773 3293 806 3317 Et
818 3297 905 3319 tamen
919 3293 989 3325 (cum
999 3293 1198 3326 ABpCDEFKL
1211 3298 1237 3318 et
1249 3300 1277 3322 a,
1290 3296 1354 3318 tunc
1366 3293 1399 3322 G,
1450 3297 1527 3325 ptam
1545 3293 1623 3319 ceteri
1643 3298 1668 3318 et
1687 3293 1739 3320 Pa5
1757 3300 1804 3325 pro
1823 3293 1921 3322 mittat,
1941 3296 2028 3318 mutat
2046 3293 2066 3317 l.
2086 3298 2111 3317 et
2129 3292 2194 3316 forte
2213 3292 2241 3322 C,
2261 3292 2343 3317 mittit
2361 3292 2392 3317 D.

339 3335 393 3353 om.
444 3335 451 3357 ;
482 3334 521 3352 ea.
542 3327 672 3352 Similiter
684 3327 764 3352 etiam
783 3335 843 3353 cum
855 3327 885 3361 P)
905 3328 1005 3353 modica
1023 3328 1163 3353 verborum
1182 3327 1321 3354 differentia
1340 3336 1398 3353 sen·
1506 3327 1530 3360 δ)
1549 3329 1581 3353 si.
1595 3342 1613 3347 -
1630 3335 1689 3354 cum
1709 3328 1756 3353 Pa.

340 3370 399 3388 snm
416 3363 497 3388 variat
520 3363 618 3395 (variet
635 3362 685 3391 PL,
699 3363 809 3388 variant
825 3362 868 3395 D).
887 3363 919 3387 Et
937 3358 986 3395 (Et
1003 3371 1057 3389 orn.
1071 3363 1101 3396 P)
1120 3363 1178 3388 ideo
1197 3363 1272 3388 etiam
1300 3363 1321 3388 si
1340 3368 1399 3395 post

484 3578 592 3602 Sunium
611 3577 712 3602 Τιιι-ῑοι..
732 3578 762 3601 D.
782 3577 896 3601 Tnomm
915 3577 946 3601 T.
966 3577 1008 3602 Vl.
2339 3586 2367 3608 ¹4

2540 2530 2551 2539 ⁸
2563 2528 2632 2556 Resp.
2647 2530 2675 2551 ad
2690 2537 2706 2552 1.
