2814 4250
383 290 427 324 14
1030 270 1295 318 QUAESTIO
1326 269 1467 316 LVIII,
1497 268 1792 306 ARTICULUS
1822 269 1889 305 Vll

432 356 465 391 3.
488 356 718 399 PRAETEREA,
739 364 807 399 per
834 353 908 388 hoc
937 350 1041 398 quod
1075 348 1201 395 aliqua
1228 347 1346 384 virtus
1375 359 1434 382 or-

377 408 479 444 dinat
511 415 635 443 actum
653 417 778 441 suum
812 405 860 440 ad
890 403 1059 439 altiorem
1094 402 1234 447 finem,
1264 412 1343 436 non
1381 398 1434 436 di-

376 460 610 496 versificatur
647 457 858 494 secundum
896 455 1098 491 essentiam
1131 452 1302 489 habitus:
1341 452 1435 488 sicut

375 514 477 549 idem
499 519 553 548 est
573 510 815 547 essentialiter
842 508 991 544 habitus
1019 505 1300 554 temperantiae,
1323 504 1434 541 etiam

376 565 406 602 si
435 572 540 601 actus
569 564 649 600 eius
677 562 872 598 ordinetur
891 561 939 596 ad
969 561 1115 596 bonum
1141 558 1327 596 divinum.
1359 558 1436 595 Sed
1461 563 1463 576 ²

318 653 324 658 ,
376 618 423 655 ad
438 617 616 654 iustitiam
653 615 811 662 legalem
833 613 993 662 pertinet
1013 612 1117 661 quod
1138 619 1242 648 actus
1263 611 1435 648 omnium

375 671 556 707 virtutum
600 669 819 705 ordinentur
860 667 908 703 ad
945 665 1115 703 altiorem
1162 665 1302 711 finem,
1341 664 1463 715 idest,

375 724 424 760 ad
444 724 590 759 bonum
616 732 823 758 commune
844 718 1106 764 multitudinis,
1126 718 1231 766 quod
1250 717 1436 766 praeemi-

375 783 438 812 net
471 777 574 812 bono
614 773 724 810 unius
762 772 959 820 singularis
996 783 1198 819 personae.
1242 772 1343 818 Ergo
1369 770 1437 807 ·vi-

375 828 484 866 detur
513 827 617 875 quod
646 825 782 863 iustitia
810 825 938 873 legalis
959 824 1203 862 essentialiter
1231 825 1276 861 sit
1311 823 1436 861 omnis

373 881 505 918 virtus.

426 946 464 980 4.
485 935 726 979 PRAETEREA,
754 943 871 968 omne
899 931 1045 967 bonum
1075 930 1190 978 partis
1228 928 1436 966 ordinabile

375 994 430 1023 est
458 987 506 1023 ad
535 986 680 1024 bonum
711 983 844 1021 totius·
874 983 976 1020 unde
1005 983 1036 1019 si
1065 994 1144 1019 non
1176 982 1371 1020 ordinetur
1399 981 1437 1018 in

373 1039 482 1085 illud,
511 1038 663 1089 videtur
700 1050 782 1074 esse
812 1048 973 1074 vanum
985 1043 1023 1072 et
1058 1035 1204 1073 frustra.
1242 1035 1319 1072 Sed
1346 1035 1436 1071 illud

375 1092 480 1140 quod
509 1086 564 1128 est
583 1091 795 1131 secundum
817 1090 995 1127 virtutem
1016 1101 1095 1125 non
1122 1096 1248 1136 potest
1268 1100 1349 1125 esse
1370 1088 1438 1123 hu-

374 1144 552 1182 iusmodi.
582 1145 684 1191 Ergo
712 1143 861 1181 videtur
890 1142 994 1202 quod
1023 1141 1149 1178 nullus
1177 1149 1282 1179 actus
1318 1140 1438 1199 possit

374 1211 458 1235 esse
486 1197 641 1234 alicuius
669 1196 816 1234 virtutis
845 1195 910 1244 qui
938 1206 1017 1232 non
1044 1194 1229 1243 pertineat
1258 1195 1306 1231 ad
1334 1193 1436 1230 iusti-

374 1251 465 1288 tiam
494 1251 724 1298 generalem,
746 1261 844 1298 quae
873 1248 1024 1285 ordinat
1042 1245 1057 1276 β
1085 1247 1123 1284 in
1151 1249 1297 1285 bonum
1332 1258 1435 1283 com-

375 1315 504 1341 mune.
535 1304 584 1340 Et
611 1303 664 1339 sic
692 1302 843 1340 videtur
870 1301 975 1350 quod
1003 1300 1141 1336 iustitia
1178 1299 1364 1347 generalis
1393 1299 1439 1336 sit

374 1357 478 1394 idem
506 1356 543 1392 in
573 1356 733 1392 essentia
762 1367 849 1392 cum
879 1353 986 1390 omni
1013 1353 1163 1389 virtute.

429 1410 502 1446 SED
532 1420 677 1445 CONTRA
705 1420 770 1444 EST
799 1407 904 1455 quod
933 1405 1189 1454 Philosophus
1220 1404 1320 1450 dicit,
1340 1403 1379 1441 in
1402 1404 1437 1440 V

264 1471 348 1513 ¹233·
373 1463 493 1499 Ethic.
514 1462 545 1509 ²⁸,
571 1461 676 1509 quod
705 1461 814 1498 multi
846 1460 883 1496 in
906 1459 1074 1507 propriis
1109 1459 1258 1507 quidem
1281 1462 1441 1505 possunt

373 1516 507 1552 virtute
538 1515 600 1560 uti,
622 1515 658 1550 in
687 1515 744 1550 his
771 1519 897 1549 autem
926 1523 1024 1561 quae
1050 1511 1101 1549 ad
1132 1511 1292 1549 alterum
1316 1515 1331 1536 Υ
1359 1522 1436 1547 non

293 1578 346 1596 0·-
327 1574 535 1621 possunt.
566 1567 640 1604 Et
633 1579 671 1604 in
700 1569 750 1604 ΙΙΙ
770 1566 876 1604 Polit.
900 1566 919 1587 *
940 1565 1028 1603 dicit
1055 1565 1160 1613 quod
1181 1577 1256 1602 non
1278 1569 1334 1600 est
1349 1575 1436 1600 sim-

367 1622 517 1670 pliciter
544 1621 674 1657 eadem
699 1621 817 1657 virtus
845 1619 935 1656 honi
959 1619 1036 1656 viri
1060 1623 1096 1654 et
1113 1618 1202 1655 boni
1227 1617 1329 1655 civis.
1361 1617 1438 1654 Sed

373 1675 491 1712 virtus
519 1673 611 1711 boni
640 1673 732 1710 civis
762 1681 817 1710 est
844 1671 981 1709 iustitia
1008 1671 1204 1719 generalis,
1225 1682 1294 1719 per
1321 1682 1437 1719 quam

374 1728 509 1776 aliquis
530 1726 727 1764 ordinatur
745 1727 794 1763 ad
819 1726 966 1762 bonum
988 1736 1206 1762 commune.
1237 1724 1339 1771 Ergo
1359 1736 1439 1760 non

375 1789 438 1818 est
446 1780 582 1819 eadem
598 1779 734 1817 iustitia
749 1779 933 1827 generalis
949 1790 1037 1814 cum
1052 1778 1190 1815 virtute
1207 1775 1437 1825 communiss,

375 1834 442 1871 sed
470 1846 550 1870 una
577 1841 703 1881 potest
730 1833 810 1870 sine
839 1832 911 1870 alia
939 1831 1084 1868 haberi.

428 1888 653 1924 RESPONDEO
677 1897 859 1923 mCENDUM
888 1884 992 1933 quod
1018 1883 1192 1931 generale
1221 1883 1356 1920 dicitur
1374 1882 1438 1919 ali-

375 1940 467 1989 quid
495 1939 705 1988 dupliciter.
736 1940 823 1976 Uno
842 1938 974 1983 modo,
995 1949 1064 1984 per
1092 1936 1438 1985 praedicationem:

374 1994 470 2031 sicut
488 1992 634 2030 animal
653 2000 709 2029 est
727 1992 901 2040 generale
930 1990 978 2027 ad
1002 1990 1202 2027 hominem
1231 1997 1267 2027 et
1296 2001 1438 2037 equum

375 2054 411 2083 et
430 2046 479 2083 ad
499 2046 570 2083 alia
589 2045 822 2082 huiusmodi.
843 2045 892 2080 Et
906 2044 980 2080 hoc
999 2043 1118 2080 modo
1134 2043 1310 2090 generale
1326 2054 1439 2091 opor-

373 2107 425 2136 tet
453 2099 559 2148 quod
588 2099 634 2136 sit
657 2099 760 2135 idem
791 2096 1035 2134 essentialiter
1059 2108 1147 2133 cum
1175 2095 1233 2132 his
1262 2096 1311 2132 ad
1341 2107 1440 2144 quae

375 2160 430 2189 est
461 2153 656 2199 generale:
687 2151 776 2200 quia
804 2162 923 2198 genus
960 2149 1123 2198 pertinet
1150 2149 1198 2186 ad
1236 2148 1440 2186 essentiam

374 2205 513 2254 speciei
543 2212 579 2241 et
608 2204 707 2242 cadit
735 2203 773 2241 in
798 2202 1018 2241 definitione
1047 2202 1138 2239 eius.
1160 2201 1290 2238 A-lio
1319 2201 1439 2238 modo

375 2259 507 2296 dicitur
535 2257 675 2306 aliquid
704 2257 878 2304 generale
899 2255 1112 2293 secundum
1141 2255 1342 2292 virtutem.
1371 2253 1441 2291 sic-

374 2319 416 2348 ut
444 2323 558 2348 causa
586 2310 808 2347 universalis
847 2317 901 2346 est
929 2309 1113 2357 generalis
1142 2308 1190 2345 ad
1220 2319 1356 2345 omnes
1390 2307 1440 2344 ef-

374 2365 538 2403 fectus.
514 2369 526 2385 ⁸
559 2371 600 2400 ut
620 2364 676 2400 sol
696 2363 744 2399 ad
765 2362 894 2400 omnia
914 2374 1087 2421 corpora,
1110 2373 1207 2421 quae
1227 2361 1441 2398 illuminan-

374 2425 435 2454 tur
462 2418 524 2454 vel
552 2416 804 2453 immutantur
829 2428 900 2465 per
922 2415 1101 2453 virtutem
1130 2414 1259 2463 ipsius.
1290 2415 1338 2450 Et
1366 2414 1440 2450 hoc

376 2471 495 2507 modo
524 2470 699 2517 generale
719 2481 797 2506 non
827 2476 976 2517 oportet
1005 2468 1109 2517 quod
1138 2467 1184 2504 sit
1202 2467 1335 2504 idem
1327 2479 1365 2503 1n
1386 2479 1441 2503 es-

431 2582 455 2615 β)
475 2583 594 2607 ordinat.
608 2596 626 2601 -
645 2582 789 2606 ordinatur
810 2582 862 2606 PK.

429 2619 455 2651 γ)
476 2619 599 2642 alterum.
613 2631 632 2636 —
649 2620 712 2641 sunt
730 2618 827 2641 addunt
846 2617 892 2640 Pa.

430 2653 454 2686 ὃ)
476 2654 574 2678 uirtute
592 2653 734 2678 communi.
746 2667 764 2671 —
782 2652 855 2677 omni
874 2652 972 2676 virtute
991 2652 1022 2675 D.

1488 347 1607 384 sentia
1636 359 1723 383 cum
1753 347 1810 383 his
1839 347 1886 383 ad
1916 358 2014 394 quae
2044 354 2099 382 est
2126 347 2320 394 generale:
2351 347 2440 395 quia
2468 359 2546 383 non

1490 407 1544 436 est
1570 399 1705 437 eadem
1737 399 1897 436 essentia
1926 411 2061 435 causae
2092 406 2127 435 et
2156 399 2323 436 effectus.

1542 453 1628 488 Hoc
1643 459 1770 488 autem
1787 452 1919 499 modo,
1936 451 2148 488 secundum
2163 452 2355 500 praedicta
2364 452 2395 500 ³²,
2411 453 2546 490 iustitia

1487 505 1615 552 legalis
1653 505 1787 541 dicitur
1816 517 1897 541 esse
1930 505 2050 541 virtus
2087 505 2291 552 generalis:
2322 505 2547 553 inquantum

1489 558 1628 595 scilicet
1656 557 1805 595 ordinat
1833 565 1937 594 actus
1962 557 2120 594 aliarum
2148 557 2330 594 virtutum
2359 558 2408 595 ad
2435 570 2547 595 suum

1489 612 1628 657 finem,
1659 610 1764 658 quod
1794 617 1848 647 est
1885 622 2042 647 movere
2078 622 2146 658 per
2173 610 2377 659 imperium
2413 623 2548 648 omnes

1489 664 1579 701 alias
1608 663 1775 700 virtutes.
1806 663 1910 700 Sicut
1938 664 2040 700 enim
2071 663 2204 700 caritas
2231 671 2357 712 potest
2384 663 2458 701 dici
2475 664 2548 703 vir-

1488 725 1548 754 tus
1567 716 1750 764 generalis
1769 716 1789 737 ‘¹‘
1817 716 2040 764 inquantum
2069 715 2218 753 ordinat
2241 724 2345 754 actus
2373 717 2546 754 omnium

1489 770 1669 807 virtutum
1700 769 1747 806 ad
1784 769 1930 812 bonum
1961 768 2154 816 divinum,
2182 769 2232 805 ita
2261 769 2374 806 etiam
2402 766 2549 808 fiustitia

1488 823 1614 871 legalis
1633 822 1858 869 inquantum
1879 821 2028 858 ordinat
2047 828 2151 858 actus
2176 822 2348 860 omnium
2367 823 2549 860 virtutum

1490 877 1539 913 ad
1558 876 1704 912 bonum
1727 885 1945 911 commune.
1976 874 2083 911 Sicut
2100 885 2190 922 ergo
2210 875 2353 923 caritas,
2373 887 2473 924 quae
2492 888 2550 913 re-

1489 929 1597 977 spicit
1617 930 1764 965 bonum
1795 927 1967 964 divinum
1987 933 2028 962 ut
2046 927 2246 974 proprium
2269 928 2474 976 obiectum,
2495 937 2552 966 est

1490 981 1681 1030 quaedam
1709 980 1881 1029 specialis
1908 979 2028 1016 virtus
2056 980 2266 1017 secundum
2287 993 2395 1018 suam
2425 993 2551 1019 essen-

1490 1036 1602 1080 tiam;
1633 1035 1683 1070 ita
1703 1034 1817 1070 etiam
1838 1032 1974 1069 iustitia
2002 1031 2130 1080 legalis
2160 1040 2215 1069 est
2238 1033 2410 1081 specialis
2432 1034 2552 1072 virtus

1490 1087 1703 1133 secundum
1731 1098 1840 1123 suam
1869 1085 2088 1132 essentiam,
2118 1086 2331 1123 seeundum
2360 1087 2467 1134 quod
2495 1100 2552 1124 re-

1468 1141 1598 1190 —spicit
1628 1151 1836 1187 commune
1863 1139 2012 1176 bonum
2040 1145 2082 1175 ut
2115 1138 2315 1187 proprium
2344 1139 2550 1177 obiectum.

1489 1196 1539 1232 Et
1567 1194 1620 1230 sic
1648 1199 1704 1230 est
1731 1192 1769 1229 in
1797 1191 1968 1240 principe
1996 1191 2266 1240 principaliter,
2296 1199 2332 1228 et
2360 1193 2467 1241 qua-si
2492 1205 2552 1230 ¹ar·

1490 1245 1757 1290 chitectonice3
1793 1244 1830 1282 in
1867 1244 2025 1282 subditis
2061 1252 2189 1281 autem
2226 1245 2453 1282 secundario
2475 1244 2489 1269 ζ
2517 1253 2554 1282 et

1490 1299 1599 1348 quasi
1629 1297 1886 1334 ministrative.

1543 1353 1674 1388 Potest
1692 1357 1820 1387 tamen
1849 1349 2041 1397 quaelibet
2058 1350 2190 1396 virtus,
2211 1351 2424 1388 secundum
2448 1351 2554 1400 quod

1491 1418 1513 1442 a
1540 1403 1735 1453 praedicta
1761 1402 1911 1449 virtute,
1939 1402 2092 1450 speciali
2120 1403 2275 1451 quidem
2302 1403 2341 1440 in
2370 1404 2552 1451 essentia,

1491 1457 1655 1506 generali
1683 1463 1811 1493 autem
1841 1455 2053 1492 secundum
2081 1453 2273 1502 virtutem,
2287 1456 2488 1494 ordinatur
2505 1456 2556 1494 ad

1491 1512 1638 1548 bonum
1672 1520 1902 1554 commune,
1934 1507 2006 1544 dici
2040 1507 2179 1545 iustitia
2217 1509 2356 1556 legalis.
2395 1509 2446 1546 Et
2479 1510 2556 1546 hoc

1491 1564 1610 1601 modo
1631 1561 1811 1621 loquendi
1840 1560 1978 1598 iustitia
1996 1561 2124 1608 legalis
2153 1568 2209 1598 est
2235 1561 2371 1598 idem'
2361 1573 2400 1598 m
2429 1573 2556 1600 essen*

1491 1618 1542 1654 tia
1571 1628 1659 1653 cum
1688 1615 1794 1651 omni
1822 1614 1978 1659 virtute,
2009 1613 2134 1651 differt
2162 1621 2290 1651 autem
2320 1614 2477 1652 ratione».
2507 1615 2558 1657 Et

1491 1672 1565 1708 hoc
1593 1668 1713 1706 modo
1741 1667 1904 1716 loquitur
1933 1667 2187 1716 Philosophus
2204 1667 2235 1703 *.
2479 1684 2486 1687 -

1544 1722 1656 1760 Unde
1676 1728 1779 1770 patet
1799 1719 1996 1769 responsio
2017 1720 2065 1757 ad
2084 1720 2252 1780 primum
2273 1727 2309 1756 et
2327 1721 2556 1758 secundufflt

1544 1778 1604 1813 An
1632 1786 1794 1812 TERTIUM
1812 1784 1996 1810 mcENDuM
2024 1773 2130 1822 quod
2150 1773 2264 1810 etiam
2291 1773 2356 1810 illa
2375 1773 2557 1811 ratio'2‘fse-

1493 1829 1662 1866 cundum
1683 1828 1784 1864 hunc
1803 1826 1965 1863 modum
1994 1826 2168 1874 procedit
2195 1826 2242 1863 de
2269 1826 2408 1864 iustitia
2435 1827 2557 1875 legali,

1493 1881 1706 1919 secundum
1735 1879 1841 1928 quod
1868 1878 1987 1916 virtus
2016 1879 2202 1927 imperata
2229 1891 2252 1916 a
2278 1878 2418 1916 iustitia
2449 1880 2558 1928 legali

1491 1934 1630 1972 iustitia
1658 1932 1788 1980 legalis
1816 1931 1961 1969 dicitur.

1546 1989 1605 2024 An
1634 1997 1809 2028 Quam-um
1846 1996 2030 2022 DICENDUM
2068 1984 2173 2033 quod
2211 1984 2404 2032 quaelibet
2427 1985 2559 2023 xvirms

1493 2040 1709 2078 secundum
1721 2038 1918 2087 propriam
1934 2037 2121 2075 rationem
2136 2037 2287 2074 ordinat
2300 2045 2429 2075 actum
2445 2040 2559 2076 suum

1492 2093 1541 2131 ad
1570 2092 1767 2142 proprium
1805 2091 1924 2128 finem
1962 2090 2057 2128 illius
2084 2089 2242 2128 virtutis.
2283 2091 2402 2137 Quod
2429 2094 2559 2129 autem

1493 2146 1689 2184 ordinetur
1717 2145 1766 2182 ad
1794 2144 2014 2181 ulteriorem
2043 2143 2176 2191 finem,
2197 2143 2278 2181 sive
2305 2156 2461 2193 semper
2479 2145 2560 2182 sive

1493 2199 1712 2248 aliquando,
1732 2198 1807 2235 hoc
1826 2209 1904 2234 non
1924 2197 2039 2234 habet
2067 2208 2113 2233 ex
2137 2196 2293 2245 propria
2312 2196 2472 2244 ratione,
2489 2197 2560 2235 sed

1497 2259 1647 2302 oportet
1685 2263 1767 2288 esse
1805 2249 1919 2287 aliam
1949 2249 2187 2298 superiorem
2223 2249 2405 2287 virtutem
2424 2262 2455 2286 :a
2483 2260 2562 2299 qua

1500 2306 1540 2342 in
1577 2305 1683 2342 illum
1716 2304 1835 2341 finem
1869 2302 2074 2340 ordinetur.
2114 2303 2164 2339 Et
2200 2302 2253 2339 sic
2286 2309 2437 2351 oportet
2477 2315 2560 2341 esse

1491 2370 1609 2396 unam
1646 2357 1826 2394 virtutem
1855 2355 2092 2404 superiorem
2120 2366 2220 2403 quae
2249 2355 2401 2393 ordinet
2424 2367 2560 2396 omnus

1497 2412 1655 2449 virtutes
1692 2410 1731 2447 in
1759 2410 1906 2446 bonum
1944 2420 2174 2455 commune,
2204 2420 2303 2457 quae
2341 2416 2398 2445 est
2421 2409 2561 2446 iustitia

1492 2464 1633 2512 legalis,
1655 2470 1691 2499 et
1718 2470 1772 2500 est
1792 2462 1864 2499 alia
1886 2473 1956 2510 per
1979 2460 2185 2498 essentiam
2209 2461 2258 2498 ab
2285 2461 2389 2499 omni
2407 2462 2559 2500 virtute.

1548 2578 1570 2608 ε)
1589 2577 1740 2610 ςῇεειιιεμ-
1720 2582 1818 2600 —suos
1832 2575 1940 2609 effectus
1958 2574 2012 2599 PD.
2436 2521 2562 2635 Na.

1538 2612 1570 2644 ζ)
1586 2612 1779 2637 secundari0.-
1787 2610 1946 2636 secundarie
1957 2610 2016 2639 PH3
2031 2617 2078 2642 pro
2093 2609 2279 2639 ministrativa,
2289 2609 2506 2636 administratae

1154 2785 1474 2827 ARTICULUS
1504 2783 1773 2826 SEPTIMUS

595 2880 752 2911 UTRUM
777 2879 842 2910 SlT
867 2851 1032 2916 ALIQUA
1056 2878 1245 2909 IUSTITIA
1267 2875 1582 2908 PARTICULARIS
1605 2875 1807 2906 PRAETER
1829 2874 2054 2906 IUSTITIAM
2083 2873 2348 2906 GENERALEM

1118 2957 1141 2980 1⁸
1160 2956 1216 2985 11²⁹,
1235 2964 1279 2988 qu.
1298 2963 1338 2986 Lx,
1357 2960 1404 2980 art.
1426 2955 1454 2986 3;
1474 2955 1497 2979 V
1517 2954 1616 2983 Ethic„
1635 2955 1693 2978 lect.
1712 2961 1750 2978 m.

470 3050 476 3062 ι
518 3059 543 3081 4
593 3043 615 3067 D
633 3042 814 3067 SEPT1MUM
829 3041 882 3066 Sic
902 3040 1144 3066 PROCEDITUR.
1159 3027 1320 3064 Videtur
1339 3027 1445 3075 quod
1471 3030 1473 3069 l
1499 3026 1643 3063 minem
1673 3026 1720 3063 ad
1750 3025 1866 3062 alium
1895 3025 2106 3063 secundum
2136 3036 2180 3061 ea
2199 3036 2297 3072 quae
2327 3024 2376 3061 ad
2396 3022 2562 3062 multitu-

436 3074 443 3081 *
502 3071 510 3089 ³
523 3082 675 3130 ’finon
687 3083 732 3119 sit
751 3082 877 3130 aliqua
892 3082 1030 3118 iustitia
1048 3081 1281 3130 particularis
1295 3087 1446 3128 praeter

381 3213 476 3278 tura.
499 3241 576 3278 Sed
595 3241 733 3278 iustitia
752 3240 936 3289 generalis
957 3239 1186 3277 sufficienter
1209 3238 1359 3275 ordinat
1376 3239 1445 3274 ho-

383 3294 527 3331 minem
549 3294 647 3331 circa
666 3293 795 3330 omnia
823 3305 922 3342 quae
952 3293 999 3330 ad
1025 3293 1184 3329 alterum
1213 3298 1310 3328 sunt.
1341 3291 1443 3338 Ergo

384 3359 461 3384 non
490 3354 545 3384 est
572 3347 783 3384 necessaria
811 3347 937 3395 aliqua
964 3345 1099 3382 iustitia
1127 3344 1371 3393 particularis.

438 3412 473 3436 2.
495 3401 727 3446 PRAETEREA,
748 3411 870 3436 unum
891 3406 927 3436 et
953 3399 1070 3435 multa
1090 3410 1168 3435 non
1189 3397 1445 3434 diversificant

386 3453 552 3501 speciem
579 3453 736 3489 virtutis.
769 3453 844 3490 Sed
874 3451 1010 3489 iustitia
1045 3451 1172 3499 legalis
1200 3450 1350 3487 ordinat
1375 3450 1443 3486 ho—

440 3575 467 3605 α)
487 3574 601 3598 ordinet.
614 3587 632 3592 -—
650 3574 759 3598 ordinat
778 3574 880 3598 BDGH.

1499 3079 1627 3116 dinem
1655 3078 1865 3127 pertinent,
1895 3086 1936 3116 ut
1963 3090 2009 3115 ex
2035 3076 2282 3137 praedictis*
2308 3083 2423 3125 patet.
2455 3075 2491 3121 Ε

1498 3144 1577 3170 non
1605 3138 1662 3168 est
1689 3131 1761 3168 alia
1789 3131 1934 3180 species
1962 3130 2122 3168 iustitiae
2152 3141 2251 3178 quae
2280 3129 2430 3168 ordinet
2449 3133 2493 3161 q

1498 3185 1643 3222 minem
1664 3184 1712 3220 ad
1732 3185 1891 3220 alterum
1911 3183 1950 3220 in
1973 3183 2030 3220 his
2050 3195 2148 3232 quae
2167 3182 2355 3232 pertinent
2374 3181 2434 3224 ad
2434 3186 2559 3223 {mam

1499 3238 1728 3285 singularem
1756 3248 1973 3296 personam.

1554 3291 1587 3327 3.
1609 3291 1846 3336 PRAETEREA,
1862 3289 1958 3326 inter
1976 3301 2093 3326 unam
2110 3288 2338 3336 singularem
2353 3278 2559 3339 personam

1499 3350 1536 3379 et
1555 3342 1836 3380 multitudinem
1862 3341 2020 3379 civitatis
2050 3340 2177 3378 media
2196 3348 2252 3378 est
2270 3339 2472 3378 multitudo
2493 3339 2560 3377 do—

1499 3396 1667 3432 mestica.
1698 3395 1736 3432 Si
1765 3407 1854 3443 ergo
1885 3402 1939 3432 est
1967 3395 2105 3432 iustitia
2133 3394 2204 3431 alia
2221 3392 2464 3442 >particularis
2492 3404 2562 3442 per

1500 3448 1826 3497 comparationem
1856 3448 1904 3485 ad
1931 3460 2049 3485 unam
2087 3458 2292 3496 personam
2329 3445 2561 3494 'praeteriu-

2575 458 2584 467 ⁸
2598 457 2648 478 Art.
2666 463 2745 484 praece

2575 719 2585 729 ⁸
2600 718 2627 740 D.
2641 724 2691 746 305.

2584 1670 2720 1699 'vulg-fg.
2736 1677 2751 1692 1.

2588 3078 2696 3107 urm.
2711 3077 2740 3099 ο.
