2860 4244
976 235 1243 281 QUAESTIO
1273 237 1409 284 LXVI,
1439 237 1734 275 ARTICULUS
1764 237 1816 273 IX
2423 235 2470 282 95

296 313 422 348 detenti,
438 322 505 343 non
521 313 579 343 nisi
595 314 711 344 modus
731 313 805 344 furti
822 320 876 344 aut
894 313 1021 353 rapinae
1038 313 1262 351 committitur;
1285 324 1359 344 cum
1413 324 1490 351 cere,
1514 315 1588 355 quia
1610 314 1642 344 in
1665 314 1753 345 terris
1776 314 1891 344 nostris
1913 313 1948 345 fit
1971 323 2026 353 per
2048 313 2110 344 hoc
2133 313 2246 343 iniuria
2270 314 2418 354 principi,
2443 321 2474 345 et

294 357 364 387 talis
379 357 506 387 libertas
523 356 627 388 multo
646 357 814 397 pretiosior
832 357 872 387 sit
888 356 977 387 omni
994 356 1026 386 in
1043 366 1109 397 quo
1126 365 1256 408 apparet
1278 358 1359 388 laedi
1411 358 1444 388 in
1467 359 1555 389 terris
1579 368 1691 389 eorum
1721 368 1874 398 magnum
1897 357 2077 388 immineret
2100 357 2292 397 periculum;
2326 357 2472 388 illicitum

293 401 380 431 bono
402 400 537 431 infidelis
560 410 616 441 per
631 401 691 431 hos
707 408 806 437 actus,
831 407 862 431 et
884 401 971 432 nulla
987 400 1027 430 sit
1042 410 1113 440 spes
1129 401 1265 432 iustitiae
1282 412 1358 432 con·
1410 402 1543 439 videtur,
1567 402 1627 432 nisi
1651 402 1732 433 forte
1754 409 1840 432 tanta
1856 409 1936 432 esset
1953 401 2163 432 commoditas
2179 401 2285 432 oblata
2307 409 2342 432 ut
2364 402 2472 433 omnia

47 480 54 486 f
292 445 473 485 sequendae
485 455 503 475 a
515 454 724 485 quocumque
736 445 853 476 iudice.
871 445 913 475 Et
926 444 1117 475 Ambrosius
1133 445 1216 482 dicit,
1229 446 1262 476 in
1277 445 1358 476 libro
1410 445 1663 476 inconvenientia
1679 452 1844 483 cessarent,
1860 452 1900 482 et,
1917 444 2080 476 deficiente
2096 455 2151 485 spe
2167 444 2288 481 iudicis,
2302 445 2407 476 liceret
2422 446 2471 476 ius

53 485 136 510 u·b.
155 483 180 512 ¹
200 491 251 513 ‘²⁸¹’-
292 488 332 519 de
350 487 446 530 Offic.
457 488 489 525 *,
514 489 604 539 quod
626 490 682 529 qui
704 498 767 519 non
791 489 917 529 repellit
940 489 1092 518 iniuriam
1116 498 1136 518 a
1159 490 1261 527 socio,
1285 500 1356 520 cum
1410 489 1468 519 sibi
1484 489 1586 520 facere
1599 496 1708 520 contra
1723 489 1985 530 huiusmodi,qui
1997 489 2103 519 hostes
2119 495 2194 519 sunt
2206 489 2470 520 Christianorum.

286 537 403 572 potest,
428 538 494 563 tam
519 538 566 563 est
588 533 619 563 in
637 533 713 563 vitio
735 542 830 573 quam
851 533 906 563 ille
928 533 982 572 qui
994 531 1094 572 facit.
1118 550 1139 555 —
1163 533 1210 563 De
1227 533 1357 573 captivis
1464 533 1570 569 Quare
1594 540 1701 563 autem
1723 533 1815 564 liceat
1843 543 1900 574 per
1923 534 2058 564 modum
2081 533 2207 573 rapinae
2236 532 2430 564 Christianos
2454 544 2470 563 a

291 585 399 607 autem
421 576 538 607 iniuste
561 576 694 606 detentis
718 577 756 606 ab
781 576 901 606 eisdem
923 575 1009 606 idem
1032 582 1079 606 est
1101 576 1266 607 iudicium.
1409 576 1556 607 servitute
1578 576 1707 607 liberare
1731 584 1761 608 et
1784 587 1850 607 non
1873 587 1938 613 res,
1964 577 2043 608 ratio
2064 584 2110 607 est
2133 576 2207 617 quia
2229 577 2371 607 liberatio
2391 577 2469 607 servi

346 620 398 650 111.
423 619 484 650 Sed
506 626 583 650 tunc
605 619 739 659 insurgit
761 619 916 656 dubium,
942 629 997 650 cur
1023 629 1089 650 non
1116 620 1207 651 liceat
1237 621 1357 661 privata
1407 620 1502 650 habet
1529 620 1684 650 rationem
1713 621 1959 661 recuperationis
1989 621 2086 652 factae
2109 621 2142 650 in
2166 621 2355 651 continenti:
2388 631 2470 662 quo-

290 663 474 694 auctoritate
505 662 601 693 furari
623 663 674 693 vel
696 673 805 703 rapere
836 664 875 694 ab
903 663 969 694 istis
996 663 1176 694 infidelibus
1199 675 1247 695 res
1277 674 1356 706 quas
1408 663 1494 693 niam
1517 663 1641 693 homini
1663 664 1736 694 vivo
1766 665 1916 696 continue
1943 664 2075 695 infertur
2096 665 2246 695 violentia
2278 665 2468 705 personalis,

289 706 405 738 iniuste
428 706 585 743 detinent,
610 707 692 737 sicut
718 707 778 738 hos
806 716 929 737 servos:
961 717 1035 743 curn
1063 718 1170 739 servus
1198 709 1355 749 quaedam
1408 707 1487 737 dum
1510 707 1666 738 detinetur
1687 708 1720 737 in
1744 718 1880 739 servum.
1905 709 2034 748 Ereptio
2050 715 2157 739 autern
2173 719 2279 739 rerum
2295 718 2361 739 non
2377 709 2471 740 habet

288 750 448 791 possessio
468 750 592 781 domini
606 750 660 787 sit3
685 757 716 781 et
738 751 909 792 utrobique
932 751 1048 782 iniusta
1070 752 1231 792 possessio
1247 751 1297 783 sit.
1407 750 1593 781 huiusmodi
1616 751 1786 782 rationem:
1819 752 1894 792 quia
1917 752 2085 793 occupatio
2114 752 2179 782 iam
2209 752 2320 783 transit
2346 752 2379 782 in
2401 762 2469 783 rem

343 795 395 824 Ad
409 794 472 826 hoc
497 794 611 825 dicitur
626 795 716 835 quod
731 805 780 826 res
799 795 917 826 horum
937 795 1116 826 infidelium
1130 796 1266 827 iniustae
1282 802 1357 826 sunt
1406 794 1589 825 iudicatam.

289 838 440 878 duplices.
472 838 640 876 Quaedam
663 839 750 870 enim
778 840 852 870 ideo
875 839 991 870 iniuste
1018 840 1223 880 possidentur
1249 840 1287 870 ab
1312 839 1356 870 eis
1463 838 1515 869 IV.
1539 839 1580 868 Et
1605 848 1661 878 per
1687 838 1749 869 hoc
1772 846 1858 879 patet
1880 839 2057 870 intellectus
2087 839 2168 870 tertii
2197 841 2286 880 quod
2311 840 2345 870 in
2367 840 2470 871 littera

288 882 364 923 quia
386 881 528 913 infideles
552 889 643 913 sunt:
674 890 711 914 ut
733 890 833 914 status
857 883 1077 915 dominiorum
1103 890 1135 914 et
1155 882 1354 914 huiusmodi.
1407 881 1538 918 dicitur,
1564 882 1680 913 scilicet
1708 883 1797 923 quod
1826 883 2013 914 huiusmodi
2034 894 2083 914 res
2106 890 2242 924 possunt
2265 884 2303 914 ab
2327 884 2370 914 eis
2394 885 2468 915 sub-

286 925 328 957 Et
350 925 428 957 haec
457 936 524 957 non
547 927 607 957 nisi
630 927 759 966 publica
781 927 968 960 auctoritate
990 927 1137 958 invadere
1160 926 1248 958 licet:
1279 927 1355 967 quia
1406 926 1486 956 trahi
1510 925 1637 966 publica
1653 926 1838 957 auctoritate
1853 926 1880 957 *.
1905 927 1971 957 Iam
1985 927 2020 946 **
2044 927 2129 958 enirn
2153 934 2239 967 patet
2261 928 2350 968 quod
2370 929 2408 958 ab
2424 928 2469 958 in-

286 969 320 1000 in
343 969 463 1001 nullius
486 971 682 1011 particularis
705 981 861 1012 personae
884 971 977 1002 bonis
1000 978 1084 1002 sunt.
1406 968 1551 1000 fidelibus
1575 970 1613 1000 de
1636 970 1703 1000 iure
1728 977 1758 1000 et
1780 970 1863 1000 facto
1887 970 2019 1001 subditis
2044 971 2239 1006 Christianis,
2256 979 2392 1012 possunt
2415 982 2467 1003 eo-

146 1014 162 1028 *
342 1014 509 1053 Quaedam
522 1025 597 1046 vero
611 1015 685 1046 ideo
699 1015 815 1047 iniuste
831 1015 1035 1056 possidentur
1050 1014 1125 1056 quia
1138 1021 1214 1044 sunt
1229 1013 1356 1044 alterius
1407 1023 1479 1044 rum
1496 1014 1619 1044 domini
1641 1020 1671 1044 et
1693 1014 1813 1044 iudices
1837 1024 1892 1054 per
1908 1015 2095 1045 sententiam
2118 1015 2239 1046 auferre
2263 1022 2293 1046 et
2315 1026 2423 1046 servos
2438 1023 2469 1046 et

285 1058 483 1098 particularis
505 1068 674 1100 personae:
698 1066 736 1091 ut
757 1070 806 1090 res
829 1059 976 1097 furtivae,
992 1065 1111 1098 raptae,
1134 1058 1186 1088 vel
1208 1068 1265 1098 per
1279 1068 1356 1089 usu·
1406 1067 1453 1088 res
1478 1057 1586 1094 dictas,
1604 1065 1663 1089 etc.
1686 1059 1736 1088 Ab
1760 1057 1808 1094 his
1824 1065 1932 1088 autem
1947 1059 2003 1099 qui
2022 1059 2061 1089 de
2076 1059 2154 1095 iure,
2171 1060 2225 1090 sed
2243 1070 2309 1090 non
2329 1060 2368 1090 de
2383 1059 2467 1090 facto

286 1111 354 1133 ram
378 1109 527 1135 extortae.
562 1105 603 1134 Et
630 1103 687 1134 has
715 1113 772 1144 per
801 1104 938 1133 modum
969 1102 1044 1133 furti
1075 1103 1246 1133 dominum
1274 1102 1354 1133 acci·
1405 1102 1550 1138 subsunt,
1574 1108 1711 1142 possunt
1733 1111 1864 1140 omneS,
1888 1110 1924 1133 ut
1947 1103 2067 1134 dictum
2091 1110 2137 1134 est
2151 1103 2177 1140 *‚
2202 1103 2360 1135 christiani
2383 1104 2468 1144 prin-

83 1169 93 1185 .,
285 1156 360 1188 pere
383 1148 422 1179 ab
445 1147 506 1184 eis,
530 1148 598 1179 sine
621 1147 780 1184 scandalo,
801 1154 871 1184 etc„
895 1156 962 1177 non
985 1146 1092 1178 minus
1118 1147 1192 1178 licet
1214 1156 1313 1187 quam
1336 1157 1353 1176 a
1406 1147 1490 1186 cipes
1506 1156 1562 1186 per
1577 1146 1662 1176 viam
1676 1146 1750 1176 belli
1769 1146 1905 1177 auferre:
1931 1153 1961 1177 et
1984 1154 2069 1183 tunc,
2086 1148 2202 1178 scilicet
2221 1148 2294 1178 belli
2313 1155 2467 1188 tempore,

102 1210 107 1221 ,ι
141 1199 168 1223 ⁵0
186 1193 260 1216 00111·
285 1191 411 1228 nostris,
435 1191 521 1222 iuxta
544 1191 723 1231 supradicta
738 1190 765 1222 *.
791 1191 942 1232 Accipere
957 1197 1065 1221 autem
1084 1201 1141 1232 per
1156 1191 1292 1222 modurn
1308 1201 1355 1220 ra-
1405 1190 1514 1221 omnia
1537 1190 1617 1221 iuste
1640 1189 1722 1220 fiunt
1745 1190 1968 1230 accipientium
1991 1191 2118 1231 publica
2142 1192 2336 1228 auctoritate,
2357 1202 2393 1222 ea
2411 1193 2467 1223 sci-

132 1225 246 1243 m'm‘
285 1235 378 1276 pinae
401 1235 522 1275 privata
544 1235 747 1272 auctoritate,
772 1245 847 1266 cum
869 1235 1067 1275 impossibile
1091 1236 1131 1266 sit
1153 1235 1185 1266 in
1210 1235 1354 1277 pluribus
1405 1235 1478 1266 licet
1501 1245 1565 1275 qua
1587 1234 1669 1265 bella
1692 1241 1856 1273 geruntur.

283 1278 347 1311 hoc
369 1277 436 1310 fieri
458 1280 527 1311 sine
542 1279 705 1317 scandalo;
730 1286 761 1310 et
783 1287 871 1311 actus
895 1280 934 1310 de
950 1290 1063 1320 genere
1079 1290 1140 1310 suo
1157 1279 1197 1310 sit
1215 1279 1354 1315 illicitus,
1460 1279 1501 1309 Et
1531 1279 1607 1309 haec
1630 1277 1787 1309 sufficiant
1809 1278 1904 1309 etiam
1935 1289 1993 1319 pro
2021 1279 2153 1310 articulo
2182 1279 2297 1310 ultimo
2327 1280 2468 1310 eiusdem

284 1320 360 1364 quia
382 1333 449 1354 non
472 1323 545 1356 licet
566 1324 706 1365 privatae
730 1334 884 1365 personae
908 1324 957 1355 ius
973 1324 1032 1355 sibi
1052 1330 1172 1355 armata
1187 1334 1285 1354 manu
1310 1324 1355 1354 di·
1404 1322 1599 1363 quaestionis
1623 1322 1948 1362 sexagesimaesextae.

277 1369 307 1390 s
345 1384 365 1387 1
386 1371 471 1381 ,μ

1097 1474 1418 1517 ARTICULUS
1447 1475 1649 1517 NONUS

745 1568 902 1598 UTRUM
926 1567 1110 1598 FURTUM
1134 1567 1201 1598 srr
1226 1567 1413 1598 GRAvms
1436 1566 1676 1598 PECCATUM
1701 1567 1826 1604 QUAM
1850 1567 2008 1597 RAPINA

633 1629 710 1677 Infra,
729 1652 775 1678 qu.
794 1638 881 1675 unit,
901 1649 948 1670 art.
969 1644 992 1676 3,
1011 1645 1043 1669 ad
1064 1652 1077 1669 2
1088 1652 1096 1676 ;
1116 1652 1162 1677 qu.
1180 1651 1248 1675 cxvi,
1267 1649 1314 1669 art.
1335 1651 1359 1674 2,
1379 1644 1411 1669 ad
1434 1651 1461 1674 1;
1481 1652 1526 1677 qu.
1544 1651 1627 1675 cxuv,
1647 1649 1694 1668 art.
1715 1651 1738 1676 2,
1759 1645 1790 1669 ad
1808 1651 1839 1676 4;
1858 1645 1883 1669 V
1896 1644 1992 1674 Ethic„
2013 1645 2071 1669 lect.
2090 1651 2125 1670 ιν.

493 1735 516 1763 1)
545 1735 678 1763 nonum
705 1736 759 1762 stc
787 1735 1030 1762 euoenon-ua.
1055 1723 1216 1761 Videtur
1244 1724 1350 1773 quod
1402 1723 1545 1772 aliquid
1573 1723 1763 1770 aufertur3
1792 1723 1842 1760 ita
1871 1731 2002 1760 tamen
2022 1724 2128 1773 quod
2156 1723 2196 1761 in
2221 1725 2320 1762 furto
2340 1734 2398 1764 est
2414 1727 2468 1765 in-

380 1802 399 1822 ,χ
456 1778 636 1815 furtum
664 1777 712 1815 sit
737 1777 892 1825 gravius
920 1785 1127 1826 peccatum.
1154 1789 1271 1826 quarn
1292 1789 1350 1814 ra·
1402 1776 1663 1814 voluntarium
1690 1789 1761 1825 per
1784 1776 2048 1824 ignorantiam,
2077 1776 2117 1813 in
2145 1778 2278 1825 rapina
2305 1786 2432 1818 autem
2452 1786 2468 1809 Υ

309 1824 421 1904 ‘'7st
391 1826 395 1829 ’
438 1828 465 1901 f<
493 1831 598 1890 pina.
627 1831 787 1868 Furtum
810 1830 927 1878 enim,
947 1843 1063 1880 super
1082 1830 1349 1879 acceptionem
1402 1829 1702 1868 involuntarium
1731 1841 1800 1878 per
1828 1829 2065 1867 violentiam.
2103 1830 2226 1878 Magis
2255 1839 2312 1868 est
2338 1841 2467 1871 autem

291 1912 320 1921 ,,
473 1911 482 1918 x
514 1884 548 1921 ei
577 1883 745 1929 alienae,
774 1885 891 1922 habet
918 1884 1138 1922 adiunctam
1172 1884 1349 1922 fraudem
1402 1882 1543 1931 aliquid
1571 1882 1872 1920 involuntarium
1905 1895 1975 1932 per
2000 1883 2222 1920 violentiam
2252 1897 2367 1932 quam
2398 1899 2469 1935 per

98 1970 102 1971 ⁷
278 1943 334 1979 81
343 1904 492 1986 dolum,
521 1937 628 1986 quod
654 1949 734 1975 non
763 1944 818 1975 est
845 1937 884 1974 in
903 1937 1049 1987 rapina.
1079 1937 1155 1975 Sed
1183 1938 1287 1974 fraus
1315 1946 1350 1975 et
1402 1936 1675 1984 ignorantiam:
1715 1935 1804 1984 quia
1830 1935 2014 1974 violentia
2048 1935 2225 1973 directius
2261 1939 2468 1987 opponitur

88 1994 111 2023 Is
142 1996 256 2023 111-ω·
281 1991 394 2043 deins
420 1990 471 2028 de
489 2001 530 2027 se
557 1990 702 2029 habent
730 1990 919 2028 rationem
947 1990 1104 2040 peccati,
1133 1997 1176 2027 ut
1195 2003 1311 2051 supra
1329 1990 1349 2013 ‘¹‘
1401 1989 1589 2027 voluntati
1625 2000 1743 2037 quam
1779 1988 2003 2036 ignorantia.
2046 1990 2096 2026 Et
2121 1989 2209 2026 ideo
2246 1991 2380 2040 rapina
2412 1999 2468 2029 est

77 2046 108 2081 2²
139 2048 161 2090 ξ,
280 2036 455 2083 habitum
479 2050 546 2081 est.
577 2044 679 2092 Ergo
708 2044 852 2081 furtum
874 2043 1027 2082 videtur
1045 2055 1128 2080 esse
1150 2049 1167 2065 ¹²
1195 2044 1349 2092 gravius
1401 2042 1555 2091 gravius
1583 2047 1786 2090 peccatum
1815 2054 1933 2090 quarn
1962 2043 2118 2079 furtum.

281 2095 484 2147 peceatum
512 2108 632 2146 quam
659 2097 806 2146 rapina.
1455 2096 1524 2132 Est
1544 2103 1581 2132 et
1600 2095 1672 2132 alia
1696 2094 1804 2132 ratio.
1835 2095 1936 2142 Quia
1954 2107 2024 2144 per
2043 2095 2216 2144 rapinam
2239 2108 2319 2133 non
2339 2097 2465 2134 solum

287 2157 312 2182 ἔτ»
335 2161 372 2188 2.
401 2151 644 2198 Parmam,
666 2149 910 2187 *verecundia
944 2157 999 2187 est
1027 2149 1144 2186 timor
1171 2149 1219 2186 de
1247 2150 1348 2198 turpi
1401 2148 1558 2186 infertur
1576 2147 1686 2185 alicui
1707 2147 1892 2185 damnum
1919 2148 1958 2185 in
1978 2148 2105 2196 rebus,
2125 2149 2192 2186 sed
2213 2149 2327 2186 etiam
2345 2149 2466 2197 vergit

94 2241 113 2245 ,
163 2214 257 2238 ·s.·n=.
282 2208 390 2251 actu,
417 2210 459 2240 ut
487 2202 623 2247 dicitur
648 2203 688 2241 in
717 2203 769 2240 IV
793 2203 914 2240 Ethic.
938 2203 958 2224 ²*
986 2202 1064 2240 Sed
1093 2202 1214 2250 magis
1239 2215 1348 2240 vere·
1402 2201 1439 2238 in
1459 2201 1656 2251 quandam
1683 2213 1872 2249 personae
1900 2201 2152 2249 ignominiam
2173 2201 2255 2239 sive
2273 2202 2463 2239 iniuriam.

63 2257 227 2308 &eff-swa*
250 2272 252 2274 ·
280 2254 496 2298 mudantur
531 2255 710 2294 homines
738 2256 786 2293 de
823 2257 922 2293 furto
960 2267 1076 2304 quam
1117 2255 1164 2292 de
1202 2256 1347 2304 rapina.
1402 2255 1451 2291 Et
1477 2255 1553 2291 hoc
1579 2253 1863 2303 praeponderat
1889 2254 2011 2292 fraudi
2038 2255 2101 2292 vel
2130 2255 2232 2302 dolo,
2262 2267 2362 2304 quae
2380 2268 2466 2304 per-

280 2310 385 2358 Ergo
413 2310 556 2347 funum
585 2316 642 2346 est
667 2309 816 2359 turpius
844 2320 962 2358 quam
991 2308 1135 2358 rapina.
1401 2307 1521 2344 tinent
1549 2307 1598 2344 a‘d
1626 2307 1781 2344 furtum.

253 2359 259 2366 ’
285 2391 306 2401 -,
336 2363 372 2402 3.
391 2363 635 2409 Pmmam,
665 2369 808 2411 quanto
837 2362 995 2411 aliquod
1030 2368 1233 2411 peccatum
1266 2362 1348 2410 plu·
1454 2360 1566 2398 Unde
1594 2367 1698 2409 patet
1724 2359 1925 2407 responsio
1954 2359 2003 2397 ad
2030 2359 2212 2408 primum.

278 2415 385 2455 ribus
411 2423 538 2462 nocet,
565 2422 671 2453 tanto
700 2415 854 2464 gravius
876 2426 960 2452 esse
979 2415 1144 2452 videtur.
1175 2414 1252 2451 Sed
1279 2427 1349 2463 per
1453 2414 1514 2450 Ar>
1541 2424 1733 2450 SECUNDUM
1753 2424 1939 2449 nlcENDUM
1967 2412 2073 2462 quod
2101 2412 2277 2450 homines
2306 2413 2465 2450 sensibi-

279 2469 423 2509 fimum
450 2475 577 2518 potest
603 2476 882 2506 nocumentum
911 2467 1039 2505 inferri
1073 2474 1109 2504 et
1136 2467 1282 2515 magnis
1312 2475 1349 2504 et
1400 2465 1498 2503 libus
1525 2466 1765 2503 inhaerentes
1789 2465 1910 2512 magis
1937 2465 2144 2514 gloriantur
2173 2466 2220 2503 de
2238 2465 2377 2503 virtute
2402 2478 2463 2503 ex-

278 2523 427 2572 pnrvi's:
449 2534 519 2571 per
538 2522 713 2572 rapinam
732 2530 860 2560 autem
884 2522 1010 2558 solum
1025 2519 1040 2551 β
1058 2520 1346 2569 impotentibus,
1400 2518 1541 2566 teriori,
1562 2531 1662 2567 quae
1682 2518 1944 2556 manifestatur
1962 2518 2001 2556 in
2016 2518 2162 2567 rapina,
2183 2531 2300 2568 quam
2320 2519 2367 2557 de
2386 2520 2462 2557 vir-

279 2574 420 2625 quibus
446 2582 573 2625 potest
599 2575 782 2613 violentia
810 2573 950 2612 inferri.
981 2575 1083 2622 Ergo
1111 2573 1264 2622 gravius
1291 2573 1348 2612 vi·
1399 2579 1479 2609 tute
1498 2571 1678 2620 interiori,
1699 2583 1799 2620 quae
1817 2571 1958 2609 tollitur
1975 2584 2044 2621 per
2061 2579 2274 2621 peccatum.
2309 2573 2358 2609 Et
2374 2571 2461 2610 ideo

281 2628 395 2667 detur
418 2641 502 2667 esse
528 2636 732 2678 peccatum
760 2628 848 2666 furti
875 2639 994 2676 quam
1022 2627 1191 2676 rapinae.
1400 2625 1528 2662 minus
1547 2625 1858 2662 verecundantur
1885 2624 1932 2661 de
1961 2625 2094 2674 rapina
2121 2637 2236 2674 quam
2276 2625 2324 2662 de
2349 2626 2459 2663 furto.

325 2683 409 2720 *SED
428 2693 577 2720 CONTRA
598 2694 666 2720 Es'r
684 2682 792 2730 quod
820 2681 1034 2721 secundum
1062 2681 1164 2728 leges
1193 2679 1347 2728 gravius
1452 2680 1512 2715 AD
1528 2690 1689 2716 TER‘rruM
1708 2689 1894 2715 DICENDUM
1917 2679 2023 2726 quod
2050 2678 2137 2715 licet
2153 2678 2324 2726 pluribus
2343 2679 2462 2726 possit

274 2735 434 2783 'punitur
461 2736 594 2785 rapina
621 2747 739 2784 quam
766 2736 922 2772 furtum.
1399 2732 1531 2768 noceri
1549 2743 1618 2780 per
1635 2731 1778 2768 furtum
1797 2742 1913 2779 quam
1937 2743 2006 2779 per
2025 2731 2207 2780 rapinam,
2228 2739 2357 2768 tamen
2379 2743 2460 2779 gra-

331 2788 560 2826 Rnsvonnso
578 2799 765 2826 met-:noun
784 2787 891 2836 quod
910 2786 1043 2835 rapina
1064 2793 1101 2822 et
1116 2786 1260 2822 furtum
1279 2785 1346 2822 ha·
1400 2784 1510 2822 viora
1546 2791 1779 2821 nocumenta
1812 2791 1974 2831 possunt
2012 2784 2140 2821 inferri
2180 2796 2249 2832 per
2285 2783 2458 2832 rapinam

222 2859 223 2863 =
279 2840 371 2879 bent
398 2841 588 2878 rationem
615 2840 775 2890 peccati,
805 2840 901 2877 sicut
924 2851 1039 2888 supra
1057 2838 1078 2861 '¹‘
1107 2838 1251 2876 dictum
1277 2845 1343 2880 est,
1400 2849 1515 2886 quam
1544 2849 1614 2885 per
1637 2837 1791 2874 furtum.
1821 2836 1932 2873 Unde
1953 2849 1997 2874 ex
2015 2838 2089 2874 hoc
2110 2836 2223 2873 etiam
2251 2836 2384 2885 rapina
2405 2844 2460 2873 est

153 2885 183 2928 ’Ϊῖὶ
277 2901 435 2943 propter
452 2893 752 2932 involuntarium
772 2893 879 2941 quod
908 2900 964 2929 est
991 2903 1037 2929 ex
1055 2898 1162 2940 parte
1182 2891 1263 2927 eius
1286 2891 1345 2927 cui
1400 2889 1667 2927 detestabilior.

332 3023 360 3057 α)
380 3024 488 3050 viderur
505 3030 570 3050 esse.
581 3037 600 3044 -
617 3027 659 3050 est
675 3024 748 3050 PHa.
1370 3022 1374 3088 Ι
1451 3021 1478 3055 γ)
1498 3024 1596 3047 autem.
1607 3035 1626 3040 -
1643 3024 1684 3046 est
1701 3021 1798 3046 addunt
1815 3021 1863 3047 Pa.

333 3058 360 3093 β)
378 3060 473 3085 solum.
486 3073 506 3079 —
521 3059 587 3086 solis
605 3059 678 3086 ΑΒΙ..

890 3243 1847 3325 —arffia—

2495 932 2589 955 ’Nuru-
2606 939 2622 955 ι.

2506 959 2587 982 ‘thim

2494 1109 2504 1119 ⁸
2517 1108 2577 1130 Ibid.
