2860 4238
65 688 140 710 ·Art.
153 688 251 716 2,ad3.
265 698 275 703 ·-

64 714 100 738 Cf
130 720 168 742 qu.
196 720 274 741 uu,

25 747 149 772 ⁴*fb-4

62 1898 189 1928 ’Verus-

24 2260 25 2263 '
62 2278 74 2288 ⁴
83 2277 109 2300 S.
118 2276 164 2299 Th.
174 2277 228 2300 leet.
238 2283 275 2299 ιιι.

22 2335 24 2337 ·
63 2327 73 2338 ·
87 2318 241 2355 Οιρζιιτιιι.

63 2597 75 2609 ⁸
81 2596 133 2620 Lib.
140 2596 170 2623 11,
178 2602 243 2624 prot.
252 2602 275 2618 v.

50 2697 52 2699 r
65 2658 148 2708 ’sciz-
162 2664 218 2707 {aa

26 2887 29 2894 ἱ
65 2858 76 2868 ·
89 2856 146 2878 Loc.
160 2856 199 2879 eit.

28 2965 29 2970 ¹
65 2966 74 2975 ·
89 2964 148 2993 Cap.
169 2970 239 2992 xx,n.
255 2962 277 2986 ὁ.

959 208 1224 255 QUAESTIO
1255 209 1410 254 CXVII,
1439 208 1734 245 ARTlCULUS
1764 208 1813 244 Vl

356 287 581 323 RESPONDEO
616 298 800 325 mCENDUM
834 287 939 335 quod
972 286 1173 323 liberalitas
1203 299 1280 323 non
1309 295 1364 323 est
1390 288 1391 335 j

303 339 448 388 species
476 339 656 376 iustitiae:
685 339 774 387 quia
801 339 938 376 iustitia
957 339 1108 376 exhibet
1134 340 1238 376 alteri
1257 341 1363 387 quod
1390 351 1392 378 ;

303 399 359 428 est
388 392 488 438 eius,
517 392 718 429 liberalitas
747 399 874 429 autem
894 397 909 420 Υ
939 392 1086 429 exhibet
1115 392 1151 429 id
1181 394 1284 441 quod
1310 401 1364 429 est
1390 390 1391 421 ἓ

303 457 428 482 suum.
450 445 575 482 Habet
594 453 720 482 tamen
736 445 930 493 quandam
948 445 1253 482 convenientiam
1276 458 1363 482 cum

303 603 392 652 quia
412 611 467 640 est
487 603 584 640 circa
604 615 662 640 res
682 604 896 650 exteriores,
918 604 1012 640 sicut
1041 612 1076 640 et
1094 604 1250 641 iustitia:
1280 605 1364 640 licet

301 761 387 808 tiae,
417 762 512 798 sicut
538 762 658 798 virtus
688 762 721 798 ei
751 775 899 799 annexa
925 771 966 799 ut
994 763 1203 811 principali.

301 879 379 904 non
407 868 576 905 attendat
603 868 772 906 debitum
801 870 932 916 legale,
953 869 1058 917 quod
1085 868 1244 905 attendit
1262 868 1364 904 iusti-

2400 207 2475 252 453

1471 289 1530 324 AD
1560 299 1749 324 SECUNDUM
1779 298 1961 322 mCENDUM
1995 285 2099 334 quod
2137 283 2386 332 temperantia
2424 292 2479 320 est

1420 340 1516 377 circa
1546 339 1868 388 concupiscentias
1889 338 2143 387 corporalium
2174 337 2476 374 delectationum.

1420 393 1738 441 Concupiscentia
1757 400 1884 428 autem
1900 391 2096 440 pecuniae,
2119 399 2155 427 et
2174 390 2382 435 delectatio,
2400 402 2478 426 non

1389 455 1392 481 ῐ
1420 453 1475 482 est
1503 446 1719 494 corporalis,
1751 445 1818 482 sed
1845 445 1965 492 magis
1994 444 2176 481 animalis.
2206 443 2317 481 Unde
2346 443 2478 479 libera-

303 497 440 534 iustitia
468 497 507 534 in
536 498 698 535 duobus.
734 498 862 534 Primo
899 498 1074 546 quidem,
1106 498 1194 547 quia
1228 499 1363 547 princi·
1390 512 1392 517 ’

302 550 435 599 paliter
463 558 518 587 est
546 551 594 587 ad
623 552 794 597 alterum,
816 551 910 587 sicut
935 558 971 587 et
990 551 1138 588 iustitia.
1171 551 1362 597 Secundo,
1390 554 1392 569 ³

1419 498 1500 534 litas
1529 511 1607 534 non
1636 499 1796 546 pertinet
1823 498 1973 546 proprie
2002 498 2049 534 ad
2078 496 2379 545 temperantiam.

1472 553 1530 587 AD
1558 563 1717 588 TERTlUM
1746 563 1929 587 DICENDUM
1962 551 2066 599 quod
2106 550 2205 586 datio
2242 549 2404 586 benefici
2444 556 2479 585 et

1391 629 1392 656 l
1419 604 1672 641 misericordis
1691 609 1703 625 ἰ
1732 603 1903 652 procedit
1931 615 1975 640 ex
1999 616 2045 640 eo
2067 603 2172 651 quod
2191 604 2311 639 homo
2332 610 2387 638 est
2415 601 2479 638 ali-

303 657 513 693 secundum
544 657 655 693 aliam
676 655 689 678 ⁶
719 657 915 703 rationem,
940 665 981 693 ut
1010 657 1150 694 dictum
1181 665 1236 693 est
1254 657 1285 693 ²³⁸.
1316 658 1365 693 Et

302 709 389 746 ideo
418 709 618 745 liberalitas
647 721 668 745 a
697 709 928 756 quibusdam
965 710 1119 759 ponitur
1146 723 1233 759 pars
1262 710 1363 746 iusti-
1390 714 1392 757 j

1420 656 1577 705 qualiter
1605 657 1760 693 affectus
1781 659 1879 693 circa
1899 669 1988 693 eum
2010 656 2069 692 cui
2099 656 2172 692 dat.
2204 657 2252 692 Et
2280 655 2367 692 ideo
2396 654 2477 690 talis

1420 709 1520 746 datio
1549 710 1709 758 pertinet
1741 710 1789 746 ad
1829 710 2019 746 caritatem
2058 709 2138 745 sive
2176 709 2222 745 ad
2258 707 2476 745 amicitiam.

1420 762 1496 798 Sed
1526 762 1626 798 datio
1656 762 1882 799 liberalitatis
1910 762 2087 810 provenit
2116 773 2160 798 ex
2180 774 2226 797 eo
2252 762 2355 810 quod
2385 761 2478 797 dans

355 816 412 853 Αι)
441 826 578 851 ptumum
597 827 696 852 ERGO
716 827 900 853 memnon
920 815 1025 864 quod
1053 816 1266 862 liberalitas,
1296 815 1364 851 etsi

1420 823 1475 851 est
1494 814 1700 863 aliqualiter
1719 815 1876 852 affectus
1897 815 1994 851 circa
2014 815 2229 864 pecuniam,
2251 815 2344 851 dum
2365 825 2449 850 eam
2466 813 2478 838 ἵ·

1390 904 1392 912 ‚
1418 880 1496 904 non
1517 868 1749 927 concupiscit
1768 880 1891 926 neque
1911 876 2025 905 amat.
2055 868 2165 905 Unde
2187 867 2298 904 etiam
2320 879 2398 904 non
2419 879 2479 903 so-

300 920 367 967 tia,
402 922 559 958 attendit
589 928 719 958 tamen
756 922 927 958 debitum
964 921 1160 970 quoddam
1199 921 1361 966 morale,
1390 917 1392 961 ζ
1418 921 1496 956 lum
1518 921 1661 967 amicis,
1678 921 1745 957 sed
1767 921 1878 957 etiam
1899 921 2032 968 ignotis
2052 921 2126 967 dat,
2143 921 2297 969 quando
2318 927 2476 979 oportet.

301 973 406 1021 quod
435 974 638 1011 attenditur
665 986 710 1011 ex
738 974 905 1023 quadarn
934 974 1051 1023 ipsius
1080 974 1263 1020 decentia,
1285 985 1362 1009 non
1390 998 1391 1018 1

301 1038 347 1063 ex
373 1027 449 1063 hoc
477 1027 583 1075 quod
602 1027 648 1064 sit
666 1027 771 1064 alteri
799 1027 996 1075 obligatus.
1026 1026 1137 1064 Unde
1158 1026 1362 1063 minimum
1390 1028 1391 1058 l

300 1079 416 1116 habet
444 1079 491 1117 de
519 1080 663 1118 ratione
693 1080 819 1117 debiti.

352 1193 380 1226 γ)
396 1193 544 1218 liberalitas
561 1196 662 1218 autem.
678 1207 698 1212 -
714 1193 762 1218 sed
780 1193 928 1218 liberalitas
948 1194 995 1218 Pa.

352 1227 378 1261 ὃ)
396 1229 488 1254 aliam.
505 1242 524 1248 —
542 1229 604 1254 Om.
621 1229 652 1254 P.

352 1264 375 1296 ε)
392 1264 546 1305 &effigiet
565 1264 755 1290 misericordis.
773 1277 792 1283 —
810 1264 929 1297 beneficii
941 1267 967 1289 et
980 1264 1160 1289 misericordis
1175 1264 1363 1297 ABDEpCHK,

1390 973 1529 1014 Unde
1558 986 1636 1010 non
1669 973 1829 1021 pertinet
1857 974 1902 1009 ad
1938 973 2146 1019 caritatem,
2177 975 2243 1010 sed
2277 973 2396 1021 magis
2430 972 2479 1009 ad

1418 1026 1606 1071 iustitiam,
1637 1038 1737 1073 quae
1767 1034 1823 1062 est
1851 1026 1947 1062 circa
1976 1039 2035 1063 res
2065 1026 2277 1063 exteriores.

1418 1193 1537 1234 beneficii
1559 1193 1756 1227 (beneficentiae
1776 1191 1807 1224 P)
1826 1196 1851 1218 et
1877 1192 2076 1218 misericordiae
2101 1192 2182 1217 PLsK
2208 1197 2232 1217 et
2257 1200 2287 1223 a,
2314 1192 2431 1225 beneficii
2455 1196 2481 1217 et

1418 1229 1618 1297 mertcscssrasmq.—
1635 1271 1680 1289 eas
1699 1264 1840 1296 ABEKpC.

1111 1409 1430 1452 ARTICULUS
1461 1409 1670 1452 SEXTUS

889 1503 1045 1534 UTRUM
1069 1503 1351 1534 LlBERALITAS
1376 1503 1442 1533 SIT
1465 1503 1639 1534 MAXIMA
1662 1503 1894 1534 VIRTUTUM

335 1617 389 1686 ν

337 1687 400 1765 *ζα
422 1672 481 1728 ²(
514 1689 617 1726 enirn
645 1688 764 1726 virtus
800 1688 968 1726 hominis
1001 1696 1057 1725 est
1089 1689 1279 1737 quaedam
1318 1687 1364 1724 si-

311 1715 454 1774 '1⁷⁴²
473 1736 502 1775 ‘x
513 1742 685 1780 militudo
715 1741 866 1780 divinae
895 1741 1084 1779 bonitatis.
1123 1741 1201 1778 Sed
1229 1753 1298 1790 per
1325 1740 1365 1777 li-

299 1794 537 1832 beralitatem
564 1797 685 1834 horno
715 1796 881 1832 maxime
909 1794 1137 1832 assimilatur
1171 1796 1273 1842 Deo,
1302 1795 1368 1842 qui

300 1849 367 1886 dat
392 1849 565 1886 omnibus
592 1850 793 1899 affluenter
819 1854 855 1885 et
881 1860 955 1885 non
985 1848 1225 1897 improperat,
1244 1855 1287 1884 ut
1312 1847 1365 1884 di·

303 1901 398 1938 citur
426 1902 500 1939 Iac.
530 1901 590 1939 1³⁵.
627 1902 729 1951 Ergo
765 1902 966 1939 liberalitas
1000 1909 1056 1938 est
1092 1901 1259 1938 maxima
1292 1900 1366 1937 vir-

301 1962 438 1993 tutum.

356 2020 393 2044 2.
417 2007 657 2055 PRAETEREA,
688 2008 900 2045 secundum
933 2006 1211 2055 Augustinum,
1239 2006 1278 2043 in
1313 2007 1365 2043 VI

301 2061 349 2098 de
366 2062 403 2098 T
398 2061 469 2098 rin.
485 2060 517 2108 ²¹²,
538 2061 575 2098 in
594 2061 652 2098 his
670 2073 767 2110 quae
785 2073 860 2098 non
876 2061 975 2098 mole
993 2072 1137 2110 magna
1156 2065 1252 2106 sunt,
1268 2060 1366 2097 idem

302 2119 358 2151 est
382 2126 462 2151 esse
488 2115 612 2151 maius
646 2115 747 2162 quod
772 2114 915 2151 melius.
951 2114 1028 2151 Sed
1062 2113 1155 2150 ratio
1188 2113 1367 2150 bonitatis

303 2167 470 2204 maxime
497 2167 649 2205 videtur
676 2167 726 2204 ad
751 2168 1014 2205 liberalitatem
1043 2167 1248 2215 pertinere:
1278 2166 1367 2215 quia

301 2221 450 2258 bonum
480 2228 536 2258 est
564 2220 801 2267 diffusivum,
825 2229 867 2258 ut
894 2228 997 2269 patet
1027 2232 1096 2268 per
1123 2219 1366 2268 Dionysium,

302 2286 340 2312 tv
367 2286 448 2322 cap.
470 2274 516 2310 de
534 2274 622 2311 Div.
643 2274 761 2312 Nom.
781 2274 802 2296 ’¹‘
829 2274 941 2311 Unde
962 2281 999 2310 et
1017 2273 1246 2310 Ambrosius
1267 2272 1366 2319 dicit,

302 2331 341 2364 in
370 2328 384 2363 1
413 2328 459 2363 de
491 2327 599 2375 Offic.
620 2327 651 2373 *,
682 2328 788 2375 quod
809 2328 944 2364 iustitia
970 2339 1168 2364 censuram
1197 2332 1305 2372 tenet,
1324 2326 1367 2362 li-

302 2380 478 2418 beralitas
505 2381 718 2417 honitatem.
760 2381 862 2428 Ergo
890 2380 1091 2417 liberalitas
1119 2387 1176 2416 est
1203 2380 1368 2416 maxima

301 2434 498 2470 virtutum.

358 2487 392 2524 3.
413 2487 648 2533 PRAETEREA,
677 2486 854 2523 homines
881 2487 1119 2529 honorantur
1138 2493 1174 2522 et
1192 2492 1368 2522 amantur

302 2548 459 2589 propter
485 2540 676 2577 virtutem.
708 2540 784 2577 Sed
813 2539 968 2576 Boetius
997 2538 1102 2586 dicit,
1131 2539 1170 2575 in
1198 2538 1294 2575 libro
1322 2539 1368 2575 de

307 2594 496 2630 Consolat.
515 2592 556 2630 *z
586 2593 766 2643 Largitas
794 2593 962 2630 maxime
994 2592 1117 2629 claros
1137 2597 1154 2613 α
1168 2592 1283 2640 facit.
1318 2592 1367 2628 Et

304 2646 562 2694 Philosophus
590 2646 691 2693 dicit,
711 2646 750 2682 in
770 2647 821 2683 IV
848 2646 968 2683 Ethic.
991 2647 1023 2692 ²¹⁵,
1054 2645 1158 2694 quod
1178 2646 1274 2681 inter
1291 2646 1366 2682 vir·
1392 2665 1393 2678 η

303 2706 427 2736 tuosos
445 2699 614 2735 maxime
633 2699 803 2736 liberales
822 2705 1010 2736 amantur.
1042 2699 1144 2746 Ergo
1163 2698 1366 2735 liberalitas

305 2760 361 2790 est
388 2764 555 2789 maxima
582 2759 779 2788 virtutum.

304 2858 350 2895 de
381 2858 489 2906 Offic.
510 2857 541 2904 *,
566 2857 672 2906 quod
701 2858 836 2894 iustitia
864 2857 1048 2893 excelsior
1066 2855 1081 2885 β
1107 2857 1254 2893 videtur
1280 2857 1366 2893 libe-

304 2911 463 2957 ralitate,
481 2911 547 2948 sed
567 2910 768 2947 liberalitas
786 2910 946 2960 gratior.
976 2909 1232 2958 Philosophus
1252 2909 1366 2945 etiam

306 2964 405 3010 dicit,
426 2965 464 3000 in
486 2965 498 3000 1
519 2963 709 3011 Rhetoric.
728 2963 760 3010 ²¹⁵,
789 2963 894 3012 quod
903 2964 1028 3011 fortes
1043 2968 1078 2998 et
1095 2963 1182 2999 iusti
1198 2963 1368 2999 maxime

303 3018 551 3062 honorantur,
581 3022 616 3053 et
636 3022 725 3064 post
749 3028 811 3053 eos
839 3015 1020 3052 liberales.

324 3067 331 3074 “
358 3071 585 3107 RESPONDEO
605 3081 789 3106 mcx-:unum
809 3070 913 3117 quod
933 3068 1123 3117 quaelibet
1139 3067 1261 3105 virtus
1287 3075 1368 3105 ten-

306 3122 360 3160 dit
388 3123 425 3160 in
444 3122 601 3171 aliquod
621 3123 780 3159 bonum.
809 3122 920 3160 Unde
941 3129 1083 3170 quanto
1103 3121 1228 3170 aliqua
1246 3121 1367 3158 virtus

305 3175 343 3212 in
373 3175 509 3213 melius
527 3180 543 3204 Υ
571 3176 718 3212 bonum
745 3175 875 3221 tendit,
905 3182 1009 3211 tanto
1038 3175 1174 3211 melior
1202 3181 1269 3211 est.
1305 3175 1367 3211 Li-

305 3229 480 3266 beralitas
508 3235 636 3265 autem
666 3228 784 3265 tendit
810 3228 850 3265 in
877 3228 1032 3276 aliquod
1069 3229 1216 3265 bonum
1246 3227 1367 3276 dupli-

306 3281 414 3318 citer:
444 3294 522 3318 uno
551 3282 688 3328 modo,
718 3281 842 3330 primo
872 3288 908 3317 et
935 3293 1004 3330 per
1031 3293 1087 3327 se;
1117 3281 1192 3318 alio
1225 3282 1366 3328 modo,

307 3346 352 3371 ex
381 3334 640 3382 consequenti.
679 3334 809 3371 Primo
838 3334 994 3382 quidem
1024 3341 1059 3370 et
1086 3346 1155 3382 per
1183 3346 1222 3370 se
1251 3334 1369 3371 tendit

511 1594 535 1620 r>
558 1593 699 1619 sexum
725 1594 778 1618 sm
806 1593 1047 1619 PROCEmTUR.
1074 1581 1234 1618 Videtur
1262 1581 1365 1628 quod
1391 1613 1392 1630 ᾖ

512 1635 715 1672 liberalitas
744 1636 790 1672 sit
816 1635 984 1672 maxima
1001 1634 1196 1672 virtutum.
1227 1634 1364 1671 Omnis
1391 1632 1393 1656 i

1418 1581 1467 1618 ad
1496 1581 1750 1618 ordinandum
1787 1583 1982 1630 propriam
2021 1582 2262 1619 affectionem
2291 1582 2389 1619 circa
2417 1594 2482 1631 pe-

1420 1634 1618 1671 cuniarum
1647 1635 1931 1683 possessionem
1961 1643 1996 1671 et
2023 1648 2148 1672 usum.
2179 1636 2228 1672 Et
2255 1635 2320 1682 sic,
2350 1648 2480 1672 secun-

1419 1687 1511 1725 dum
1540 1689 1630 1735 hoc,
1660 1689 1870 1738 praefertur
1905 1688 2113 1725 liberalitati
2146 1696 2182 1724 et
2215 1688 2480 1737 temperantia,

1391 1767 1393 1792 ἱ
1418 1753 1516 1790 quae
1537 1741 1757 1779 moderatur
1776 1741 2101 1790 concupiscentias
2119 1739 2132 1763 δ
2162 1749 2198 1778 et
2217 1742 2483 1779 delectationes

1391 1798 1393 1840 ἶ
1418 1794 1649 1843 pertinentes
1683 1795 1731 1832 ad
1760 1795 1960 1843 proprium
1990 1807 2144 1844 corpus;
2174 1802 2211 1832 et
2238 1795 2417 1832 fortitudo
2447 1803 2484 1832 et

1391 1865 1393 1878 ι
1418 1847 1567 1894 iustitia,
1589 1860 1688 1896 quae
1719 1848 1940 1886 ordinantur
1959 1849 2253 1897 quodammodo
2273 1849 2312 1886 in
2336 1850 2483 1885 bonurn

1420 1913 1638 1948 commune,
1654 1906 1754 1938 una⁸
1773 1909 1946 1951 tempore
1966 1902 2080 1951 pacis,
2097 1902 2170 1938 alia
2188 1909 2360 1951 tempore
2377 1902 2482 1948 belli;

1391 1981 1394 2000 a
1420 1962 1457 1991 et
1493 1955 1672 1991 omnibus
1700 1955 1964 2003 praeferuntur
1991 1955 2147 1992 virtutes
2179 1967 2279 2004 quae
2309 1955 2484 1992 ordinant

1392 2002 1394 2039 ἶ
1420 2008 1458 2044 in
1486 2009 1634 2045 bonum
1664 2007 1849 2045 divinum.
1879 2008 1982 2045 Nam
2011 2010 2157 2046 bonum
2182 2008 2352 2046 divinum
2375 2020 2484 2057 prae-

1422 2061 1563 2098 eminet
1594 2061 1747 2098 cuilibet
1774 2062 1878 2098 bono
1908 2063 2100 2107 humano;
2140 2069 2176 2098 et
2203 2061 2242 2098 in
2270 2061 2381 2098 bonis
2414 2062 2484 2098 hu-

1421 2114 1544 2151 manis
1564 2115 1710 2151 bonum
1718 2114 1922 2163 publicum
1937 2115 2173 2164 praeeminet
2192 2115 2296 2152 bono
2312 2115 2482 2164 privato;

1420 2168 1458 2204 in
1488 2167 1625 2217 quibus
1652 2168 1800 2204 bonum
1830 2168 1999 2216 corporis
2026 2168 2262 2217 praeeminet
2289 2169 2393 2205 bono
2423 2180 2483 2204 ex-

1393 2247 1395 2278 2
1419 2221 1600 2258 teriorurn
1630 2233 1768 2257 rerum.
1794 2242 1817 2248 -
1847 2221 1933 2258 Alio
1971 2221 2090 2259 modo
2120 2221 2316 2258 ordinatur
2352 2221 2484 2258 libera-

1419 2274 1501 2311 litas
1539 2274 1587 2311 ad
1625 2274 1781 2322 aliquod
1809 2275 1956 2311 bonum
1986 2286 2030 2311 ex
2059 2274 2319 2322 consequenti.
2349 2275 2398 2311 Et
2426 2286 2484 2311 se-

1421 2328 1590 2364 cundum
1619 2328 1706 2374 hoc,
1730 2327 1931 2364 liberalitas
1955 2328 2147 2364 ordinatur
2175 2328 2213 2364 in
2232 2327 2364 2364 omnia
2382 2328 2484 2364 bona

1419 2381 1634 2428 praedicta:
1665 2393 1709 2417 ex
1729 2381 1803 2416 hoc
1823 2381 1925 2417 enim
1946 2381 2051 2428 quod
2070 2382 2189 2417 horno
2211 2393 2289 2417 non
2310 2388 2365 2417 est
2379 2393 2484 2417 ama-

1419 2433 1519 2470 tivus
1538 2433 1736 2482 pecuniae,
1758 2433 1928 2482 sequitur
1955 2434 2060 2482 quod
2089 2434 2137 2470 de
2162 2433 2260 2470 facili
2287 2441 2412 2470 utatur
2440 2446 2485 2470 ea

1421 2494 1457 2523 et
1476 2487 1525 2523 ad
1548 2486 1728 2535 seipsum,
1751 2494 1788 2523 et
1807 2488 1855 2523 ad
1875 2486 2072 2524 utilitatem
2093 2486 2268 2534 aliorum,
2290 2495 2325 2523 et
2349 2487 2397 2524 ad
2417 2487 2484 2524 ho-

1419 2552 1556 2576 norem
1585 2539 1670 2576 Dei.
1706 2540 1755 2576 Et
1778 2540 1989 2577 secundum
2026 2540 2118 2587 hoc,
2146 2540 2262 2577 habet
2289 2541 2483 2589 quandam

1420 2593 1680 2629 excellentiam
1710 2605 1755 2629 ex
1782 2594 1856 2630 hoc
1883 2593 1989 2641 quod
2017 2593 2115 2629 utilis
2142 2601 2197 2630 est
2224 2593 2272 2630 ad
2300 2594 2430 2630 multa.
2460 2615 2484 2621 -

1420 2646 1521 2692 Quia
1539 2654 1671 2682 tamen
1690 2646 1996 2695 unumquodque
2011 2646 2131 2694 magis
2150 2647 2337 2683 iudicatur
2351 2659 2484 2684 secun-

1420 2699 1512 2735 dum
1546 2699 1637 2735 illud
1674 2697 1780 2747 quod
1816 2699 1942 2747 primo
1981 2707 2017 2735 et
2050 2711 2120 2747 per
2154 2712 2194 2736 se
2233 2700 2413 2748 competit
2451 2700 2485 2736 ei

1392 2750 1394 2760 ’
1419 2764 1537 2799 quam
1557 2751 1771 2788 secundum
1790 2752 1827 2789 id
1856 2752 1962 2800 quod
1982 2761 2260 2800 consequenter
2287 2765 2326 2789 se
2347 2754 2482 2799 habet,

359 2806 433 2842 SED
462 2816 608 2842 CONTRA
644 2816 710 2841 EST
741 2804 848 2853 quod
882 2803 1108 2840 Ambrosius
1147 2803 1249 2849 dicit,
1284 2803 1322 2840 in
1351 2805 1365 2839 Ι
1392 2801 1393 2806 ’

1392 2897 1394 2902 ,
1420 2870 1526 2895 marn
1554 2857 1732 2894 virtutem
1752 2857 1776 2894 ζ.

1419 2805 1506 2841 ideo
1536 2804 1741 2842 dicendum
1770 2813 1826 2841 est
1858 2805 2117 2842 liberalitatem
2148 2818 2226 2842 non
2256 2818 2338 2843 esse
2366 2806 2484 2843 maxi-

1473 2913 1532 2947 Ao
1561 2922 1697 2947 PR1M1JM
1727 2922 1825 2947 ERGO
1854 2923 2038 2948 DlCENDUM
2072 2912 2177 2959 quod
2215 2911 2316 2950 datio
2356 2911 2484 2949 divina

1421 2963 1598 3013 provenit
1618 2976 1663 2999 ex
1693 2976 1737 2999 eo
1768 2963 1874 3011 quod
1904 2972 2006 3000 amat
2033 2964 2210 3001 homines
2239 2965 2378 3014 quibus
2407 2966 2482 3013 dat,

1421 3029 1500 3053 non
1529 3023 1658 3053 autem
1688 3029 1733 3053 ex
1754 3029 1801 3053 eo
1822 3017 1926 3065 quod
1954 3017 2140 3054 afficiatur
2159 3018 2208 3054 ad
2229 3030 2273 3055 ea
2294 3031 2392 3067 quae
2409 3019 2482 3055 dat.

1421 3070 1472 3106 Et
1506 3069 1594 3106 ideo
1630 3069 1751 3118 magis
1778 3070 1929 3107 videtur
1960 3071 2147 3119 pertinere
2184 3073 2231 3108 ad
2269 3072 2482 3117 caritatem,

1423 3135 1522 3170 quae
1556 3130 1611 3159 est
1643 3122 1812 3160 maxima
1846 3123 2050 3171 virtutum,
2087 3137 2203 3173 quam
2242 3125 2290 3161 ad
2324 3125 2483 3161 liberali-

1421 3183 1550 3212 tatem.

1475 3230 1533 3265 AD
1562 3240 1752 3265 SECUNDUM
1789 3241 1972 3266 DICENDUM
2001 3230 2106 3277 quod
2140 3230 2330 3277 quaelibet
2364 3230 2483 3267 virtus

1422 3282 1618 3331 participat
1637 3282 1824 3318 rationem
1845 3282 1935 3318 boni
1965 3290 2148 3331 quantum
2169 3284 2216 3320 ad
2238 3283 2483 3320 emissionem

1421 3335 1564 3383 proprii
1593 3343 1709 3371 actus.
1743 3337 1861 3371 Actus
1890 3343 2017 3371 autern
2056 3336 2294 3383 quarundam
2324 3336 2482 3373 aliarum

359 3448 387 3478 α)
406 3447 503 3474 claros.
520 3461 539 3466 -
556 3454 634 3472 caros
654 3447 683 3472 P.

360 3481 386 3514 β)
405 3482 544 3508 excelsior.
562 3496 581 3501 -
599 3482 772 3508 excellentior
789 3482 952 3508 PCDGHsK.

359 3517 387 3550 γ’)
407 3518 508 3543 melius.
526 3531 545 3537 -
563 3518 649 3543 maius
668 3518 715 3543 Pa.

1477 3447 1502 3481 ὅ)
1521 3449 1755 3480 concupiscentias.
1773 3462 1792 3467 -
1809 3452 1836 3473 et
1853 3449 2078 3480 concupiscentias
2097 3449 2147 3474 PF.

1478 3484 1499 3516 ε)
1520 3491 1581 3509 una.
1599 3497 1619 3504 -·
1637 3484 1741 3516 quidem
1761 3485 1857 3508 addunt
1876 3485 1928 3513 Pa;
1947 3489 2006 3516 post
2023 3485 2078 3509 alia
2097 3485 2167 3509 addit
2188 3492 2250 3510 vero
2270 3485 2297 3509 Ρ.

1477 3519 1501 3551 ζ)
1522 3520 1657 3544 virtutem.
1674 3533 1693 3538 —
1712 3519 1840 3544 virtutum
1861 3520 1957 3544 PDEL.
