2814 4250
926 285 1191 332 QUAESTIO
1221 285 1357 332 LVlll,
1385 284 1682 322 ARTICULUS
1710 284 1795 320 Vm

273 366 412 404 stitiam
431 366 674 414 generalem,
702 364 784 414 pari
812 364 957 401 ratione
996 363 1108 400 debet
1146 376 1228 400 esse
1260 363 1332 400 alia

273 418 415 457 iustitia
434 418 699 465 oeconomica,
719 430 819 466 quae
835 415 997 454 ¹ordinet
1011 415 1027 445 β
1053 416 1255 453 hominem
1283 415 1332 452 ad

273 473 433 509 bonum..
449 483 657 508 commune
685 470 796 508 unius
819 469 999 506 familiae.
1030 469 1145 514 Quod
1175 468 1331 516 quidem

272 530 352 562 non
371 523 516 561 dicitur.
542 525 648 571 Ergo
669 535 739 559 nec
758 522 884 571 aliqua
902 526 916 549 Υ
945 521 1178 570 particularis
1197 521 1332 557 iustitia

274 583 328 614 est
355 583 511 626 praeter,
530 576 706 613 iustitiam
733 576 907 623 legalem.
1056 602 1057 605 η
1162 589 1171 594 ”

326 629 400 667 sm>
421 640 568 666 eoum
583 640 651 665 EST
665 628 770 676 quod
790 628 1087 675 Chrysostomus
1109 626 1196 663 dicit
1214 626 1248 673 ²¹³,
1271 638 1332 662 su·-

273 693 349 730 per.
362 681 453 719 illud
473 681 612 719 Matth.
624 692 648 716 v
665 680 703 728 ³¹⁵,
721 694 738 715 α
755 680 862 727 Beati
880 678 949 728 qui:
962 679 1132 716 esuriunt
1152 686 1188 715 et
1207 679 1334 715 sitiunt

272 734 452 773 iustitiam
466 747 493 768 ι»
506 747 518 771 :v
542 733 729 771 Iustitiam
752 738 877 770 autem
897 732 987 768 dicit
1001 732 1060 769 vel
1083 731 1333 768 universalem

272 787 471 831 virtutem,¹
492 787 552 834 vel
567 800 569 803 ’
573 785 846 834 particularem
877 785 1062 822 avaritiae
1088 785 1332 821 contrariam.

278 864 301 873 ν,
324 840 554 876 Rmounsso
577 849 766 876 >meatuum
793 842 909 887 quod,
930 838 1025 876 sicut
1053 837 1195 874 dictum
1225 844 1282 873 est
1295 836 1333 882 ἦ

272 891 410 929 iustitia
435 891 566 939 legalis
585 899 750 928 nonest
777 890 1024 928 essentialiter
1048 889 1175 927 omnis
1201 889 1332 935 virtus,

272 944 341 982 sed
365 951 517 994 oportet
541 951 693 994 praeter
709 944 893 981 iustitiam,
916 943 1087 991 legalem,
1108 954 1205 990 quae
1235 941 1334 978 ordi—

272 1004 337 1034 nat
361 997 562 1034 hominem
598 997 819 1034 immediate
847 996 896 1034 ad
924 996 1074 1032 bonum.
1105 1005 1334 1040 commune,

274 1062 355 1087 esse
384 1050 476 1087 alias
504 1050 662 1087 virtutes
691 1062 789 1098 quae
815 1048 1037 1086 immediate
1064 1046 1240 1084 ordinant
1266 1047 1334 1083 ho-

273 1102 421 1140 minem
456 1102 556 1140 circa
592 1101 832 1152 particularia
868 1101 982 1138 bona.
1027 1100 1137 1147 Quae
1179 1099 1335 1147 quidem

273 1163 435 1205 possunt
448 1156 631 1192 *esseavel
649 1155 700 1191 ad
726 1154 907 1202 seipsum,
927 1153 989 1190 vel
1018 1152 1241 1189 adalteram
1262 1152 1335 1189 sin·

272 1208 689 1257 gularempersonam.
710 1207 826 1244 >Sicut
854 1218 944 1254 ergo
979 1213 1130 1254 praeter
1156 1205 1336 1242 iustitiam

272 1262 432 1309 legalem
461 1268 612 1309 oportet
631 1271 713 1296 esse
730 1258 1067 1308 aliquasvirtutes
1094 1259 1337 1307 particulares

272 1325 379 1362 quaes
401 1313 580 1351 ordinant
597 1312 615 1340 δῖ
638 1312 839 1350 hominem
859 1312 899 1349 in
921 1311 1060 1360 seipso,
1080 1319 1172 1360 puta
1191 1319 1337 1360 tempe-

273 1366 433 1405 rantiam
450 1365 808 1415 enfortitudinem
837 1365 888 1402 ita
916 1365 1029 1402 etiam
1058 1372 1209 1413 praeter
1236 1364 1337 1401 iusti·

240 1416 542 1467 *tiantstgalem
572 1426 723 1468 oportet
751 1430 832 1455 esse
851 1418 1118 1467 particularem
1141 1417 1336 1466 quandam

271 1472 463 1519 iustitiam,
484 1484 581 1521 quae
610 1472 760 1509 ordinet
798 1471 996 1515 hominem
1034 1471 1132 1507 circa
1162 1483 1206 1507 ea
1239 1482 1337 1519 quae

272 1533 359 1562 sunt
387 1525 436 1562 ad
464 1525 620 1562 alteram
649 1524 877 1572 singularem
906 1535 1125 1572 personam.

325 1580 384 1616 Αι)
413 1590 551 1615 ptumum
580 1589 678 1615 ERGO
707 1589 892 1614 DICENDUM
921 1576 1026 1625 quod
1046 1576 1183 1612 iustitia
1210 1575 1339 1624 legalis

326 1708 353 1742 β)
372 1709 487 1734 ordinet.
497 1722 517 1728 -
535 1708 647 1734 ordinat
663 1708 785 1733 BBEl-lx.

279 1743 472 1778 *vtehalt'qna-
484 1757 503 1763 —
520 1744 628 1774 eliasu,
645 1751 698 1769 om.
718 1744 753 1770 H.

275 1807 285 1817 ,ῑ
307 1798 351 1818 >1ss

301 1927 337 1948 ιι
345 1914 480 1948 articulo
495 1913 620 1954 quinto,
637 1920 726 1944 sexto
743 1919 774 1943 et
789 1911 926 1952 septimo
951 1912 1086 1948 adverte,
1103 1911 1231 1947 novitie,
1249 1911 1338 1951 quod

275 1929 381 1994 Isium
410 1959 525 1991 dicitur
553 1957 673 1989 iustitia
702 1956 811 1996 legalis
841 1956 940 1987 virtus
969 1955 1113 1996 specialis
1140 1955 1271 1996 quidem
1303 1955 1338 1987 in

272 2004 420 2040 annua,
443 2002 597 2044 generalis
620 2007 728 2033 autem
750 2001 782 2031 in
807 2011 886 2036 esse,
911 2009 977 2031 non
1000 1999 1185 2039 intelligitur
1208 2000 1246 2030 de
1270 2009 1338 2030 esse

271 2049 362 2091 quod
372 2053 517 2081 vocatur
532 2046 662 2080 actualis
677 2045 854 2077 existentia:
879 2045 933 2077 sed
957 2044 1140 2095 intelligitur
1156 2045 1194 2074 de
1211 2053 1278 2075 esse
1293 2053 1338 2074 re-

269 2093 393 2129 htiw
391 2101 469 2133 quo
493 2090 743 2134 obsequentibus
763 2089 931 2121 virtutibus
963 2089 1080 2121 unitur.
1119 2089 1224 2121 Habet
1252 2088 1335 2121 enim

271 2137 390 2170 {mutia
410 2135 521 2176 legalis
539 2145 635 2167 suam
659 2134 845 2170 essentiam,
861 2143 936 2164 cum
959 2143 1016 2164 sua
1039 2132 1211 2168 existentia,
1228 2132 1267 2165 in
1281 2142 1338 2163 vo-

270 2182 392 2217 lunate
415 2181 499 2212 sola:
535 2180 592 2210 sed
612 2179 686 2220 quia
709 2178 844 2218 imperat
866 2177 933 2208 aliis
956 2177 1134 2212 virtutibus,
1159 2183 1237 2216 puta
1258 2183 1337 2207 tem-

272 2225 432 2267 pmntiae
448 2232 478 2255 et
493 2223 682 2259 fortitudini,
699 2223 778 2254 dum
793 2222 919 2252 ordinat
940 2228 1029 2252 actus
1051 2221 1178 2251 illarum
1195 2221 1235 2250 ad
1250 2230 1337 2251 com-

273 2275 371 2301 mune
394 2269 528 2304 bonum,
552 2268 584 2298 in
608 2267 749 2308 qualibet
770 2266 885 2296 virtute
908 2265 944 2296 fit
966 2266 1075 2296 relatio
1099 2266 1140 2295 ad
1164 2274 1337 2295 commune

273 2314 412 2349 bonum;
445 2319 477 2343 et
499 2312 676 2343 secundum
699 2311 795 2342 talem
818 2309 1004 2341 relationem
1034 2309 1152 2340 iustitia
1178 2309 1338 2348 imperans

2399 283 2440 318 15

1387 363 1617 406 sufficienter
1637 362 1804 411 quidem.
1817 361 1971 398 ordinat
1988 360 2188 397 hominem
2206 359 2243 396 in
2266 359 2324 396 his
2344 371 2442 406 quae

1387 424 1474 453 sunt
1501 417 1549 453 ad
1577 416 1749 462 alterum,
1769 414 2022 462 quantumad
2052 425 2257 450 commune
2287 411 2441 461 quidem

1387 470 1546 515 bonum,
1573 467 1812 513 immediaoe3
1840 474 2027 515 quantum
2054 475 2183 512 autem
2221 465 2270 502 ad
2297 466 2443 502 bonum

1387 521 1498 558 unius
1509 521 1927 568 singularispersonae,
1946 519 2124 556 mediate.
2153 519 2204 555 Et
2225 517 2312 555 ideo
2332 529 2443 565 opor-

1358 576 1362 598 ¹
1386 581 1438 610 tet
1456 586 1539 610 esse
1564 573 1732 621 >aliquam
1756 573 2029 622 particularem:
2049 570 2238 616 iustitiam,
2259 583 2357 619 quae
2377 570 2443 606 im-

1387 626 1551 663 mediate
1572 626 1721 662 ordinet
1747 625 1942 663 hominem
1964 625 2017 662 ad<
2033 625 2180 661 bonum
2200 623 2351 660 alterius
2371 622 2444 659 sin·

1387 678 1522 727 gularis
1551 690 1749 726 personae.
2349 694 2353 699 -

1438 733 1498 768 An
1527 742 1723 767 SECUNDUM
1736 741 1922 768 mceunuu
1941 729 2047 779 quod
2065 730 2212 766 bonum
2237 740 2443 765 commune

1389 783 1546 820 civitatis
1575 786 1610 820 'et
1637 784 1783 820 bonum
1807 782 2001 831 singulare
2021 782 2132 818 unius
2159 793 2346 830 personae
2366 783 2445 817 no'n

1389 835 1568 873 differunt
1602 836 1728 872 solum
1757 836 1967 872 secundum
2005 836 2166 871 multum
2197 842 2233 871 et
2258 845 2444 882 paucum,

1389 889 1457 925 sed
1474 888 1688 925 secundum
1714 888 1914 924 formalem
1939 887 2213 925 differentiam:
2243 886 2315 923 alia
2342 886 2444 923 enim

1390 949 1445 978 est
1473 941 1567 978 ratio
1587 940 1678 977 boni
1707 941 1924 977 communis
1944 948 1979 976 et
2006 940 2097 977 boni
2121 939 2331 986 singularis,
2351 939 2447 975 sicut

1390 1002 1425 1030 et
1453 994 1524 1030 alia
1544 1001 1600 1030 est
1628 993 1721 1029 ratio
1745 993 1857 1029 totius
1877 1001 1914 1029 et
1939 993 2065 1042 partis.
2094 993 2144 1029 Et
2166 992 2252 1028 ideo
2273 991 2446 1028 Philoso-

1389 1047 1500 1095 phus,
1520 1046 1559 1083 in
1577 1047 1593 1082 Ι
1608 1046 1715 1082 Polit.
1736 1045 1768 1092 ²¹²,
1794 1045 1880 1082 dicit
1899 1046 2003 1094 quo'd
2027 1057 2101 1082 non
2126 1046 2218 1082 bene
2238 1045 2366 1082 dicunt
2383 1045 2449 1092 qui
2473 1051 2483 1061 ⁸
2498 1050 2529 1071 Ca
2570 1056 2577 1071 ¹
2601 1056 2613 1070 η
2638 1056 2649 1071 ²

1389 1100 1515 1136 dicunt
1541 1099 1725 1135 civitatem
1748 1104 1785 1134 et
1809 1099 1962 1135 domum
1984 1104 2019 1134 et
2044 1098 2119 1135 alia
2147 1097 2445 1144 huiusmodivdif-

1379 1153 1491 1200 ferre
1508 1152 1631 1188 solum
1648 1151 1881 1188 multitudine
1899 1157 1934 1187 et
1946 1151 2148 1199 paucitate,
2169 1156 2204 1187 et
2222 1162 2296 1187 non
2315 1150 2446 1198 specie.

1443 1207 1503 1242 An
1529 1216 1690 1242 TERnUM
1718 1215 1902 1241 memnon
1939 1204 2044 1252 quod
2081 1204 2289 1241 domestica
2325 1203 2448 1240 multi·

2473 1077 2497 1098 5.
2506 1057 2555 1098 τιῗῖ
2565 1066 2623 1098 ιέειῖ
2632 1066 2658 1098 1.'
2674 1060 2684 1065 ”

1390 1258 1496 1304 tudo,
1516 1258 1729 1294 secundum
1749 1257 2037 1306 Philosophum,
2054 1256 2092 1293 in
2111 1257 2126 1293 1
2145 1255 2298 1302 Polit.*,
2319 1255 2447 1292 distin·
2474 1265 2484 1274 ⁸
2520 1270 2531 1285 a
2570 1269 2585 1284 ιι
2610 1270 2622 1284 n

1390 1311 1513 1359 guitur
1531 1310 1743 1347 secundum
1773 1318 1847 1346 tres
1871 1309 2168 1357 coniugationes,
2189 1309 2331 1346 scilicet
2355 1320 2449 1344 uxo-

1390 1365 1443 1401 ris
1469 1369 1504 1400 et
1520 1364 1605 1409 viri,
1630 1364 1751 1412 patris
1769 1369 1806 1399 et
1819 1362 1910 1410 filii,
1929 1363 2072 1400 domini
2097 1368 2133 1398 et
2146 1362 2258 1408 servi,
2288 1373 2448 1410 quarum

1391 1429 1643 1466 personarum
1663 1428 1739 1452 una
1759 1423 1816 1452 est
1833 1415 1941 1464 quasi
1955 1415 2096 1464 aliquid
2111 1414 2273 1451 alterius.
2293 1415 2344 1450 Et
2359 1413 2448 1450 ideo

1391 1470 1440 1507 ad
1468 1469 1687 1506 huiusmodi
1714 1481 1920 1517 personam
1940 1474 1951 1490 ²
1979 1481 2057 1505 non
2078 1476 2133 1504 est
2160 1467 2376 1516 simpliciter
2394 1466 2448 1503 iu-

1392 1522 1491 1559 stitia
1508 1522 1540 1569 ²⁸,
1561 1524 1628 1559 sed
1657 1522 1847 1570 quaedam
1867 1521 2025 1558 iustitiae
2054 1521 2210 1570 species,
2231 1520 2371 1558 scilicet
2390 1526 2485 1560 oe-1

1393 1575 1600 1620 conomica,
1629 1581 1670 1610 ut
1699 1574 1832 1610 dicitur
1860 1574 1898 1610 in
1924 1575 1959 1610 V
1976 1574 2096 1610 Ethic.
2118 1574 2136 1594 ³⁴

1444 1705 1468 1738 δ)
1490 1706 1628 1731 ordinant.
1640 1719 1659 1725 —
1677 1705 1803 1730 ordinent
1821 1704 1871 1729 PC.

1443 1741 1465 1773 ε)
1481 1748 1635 1772 personam.
1648 1753 1668 1760 —
1681 1747 1814 1772 personas
1827 1739 1971 1764 PDGHLa.

292 1835 317 1854 ⁸
394 1850 401 1859 2
470 1877 473 1879 .
945 1831 1280 1864 Commentariun
1302 1830 1553 1862 Oardinalis
1575 1830 1775 1862 Caietam

1391 1910 1505 1943 dicitur
1527 1920 1594 1941 esse
1617 1910 1648 1941 in
1674 1909 1787 1940 virtute
1811 1909 1972 1948 imperata.
1997 1908 2038 1939 Et
2060 1908 2134 1948 quia
2158 1907 2267 1938 relatio
2290 1909 2452 1940 constituit

1390 1965 1457 1985 esse
1472 1954 1649 1990 relativum,
1665 1954 1747 1985 sicut
1761 1953 1875 1984 albedo
1890 1962 1957 1983 esse
1972 1952 2096 1987 album;
2122 1952 2194 1982 ideo
2210 1952 2328 1983 iustitia
2343 1952 2450 1992 legalis

1390 1999 1504 2031 dicitur
1527 2009 1594 2028 esse
1616 1998 1768 2038 generalis
1791 1997 1967 2028 secundum
1991 2006 2056 2026 esse
2079 1996 2260 2032 relativum,
2290 2003 2321 2027 et
2343 2006 2452 2027 secun-

1391 2044 1469 2074 dum
1493 2043 1554 2075 tale
1570 2041 1846 2075 essexidentificari
1870 2041 2019 2072 omnibus
2042 2040 2223 2076 virtutibus;
2249 2047 2280 2071 et
2294 2041 2452 2080 quaelibet

1390 2087 1617 2122 virtusdieitur
1636 2085 1822 2119 identificari
1837 2085 1973 2117 iustitiae
1987 2085 2095 2124 legam
2124 2094 2163 2115 eo
2179 2085 2278 2115 modo
2297 2085 2451 2124 loquendi

1390 2139 1456 2172 quo
1479 2131 1673 2171 imperatum
1695 2138 1726 2162 et
1747 2130 1908 2170 imperans
1930 2139 2032 2160 unum
2055 2129 2297 2168 quodammodo
2321 2139 2388 2161 esse
2403 2129 2451 2161 di-

1391 2182 1517 2213 cuntur,
1539 2182 1575 2206 ut
1595 2175 1628 2205 in
1650 2174 1751 2206 littera
1765 2174 1782 2193 *
1806 2174 1928 2204 dicitur.
1952 2173 1993 2204 Et
2015 2173 2116 2204 simile
2143 2179 2192 2203 est
2212 2173 2251 2203 de
2275 2173 2400 2204 caritate
2420 2180 2451 2204 et

1390 2219 1458 2250 aliis
1478 2219 1656 2255 virtutibus,
1672 2219 1758 2250 iuxta
1779 2218 1859 2248 illud
1881 2217 2029 2257 Apostoli
2044 2217 2076 2246 *z
2104 2217 2233 2247 Caritas
2250 2218 2379 2256 patiens
2394 2222 2450 2253 est,

1390 2307 1458 2338 aliis
1480 2307 1648 2338 virtutibus
1672 2313 1830 2346 operatur,
1854 2313 1890 2336 ut
1913 2313 2008 2345 patet.

1535 2351 1547 2362 ,

1053 2460 1371 2515 AR'BIQULUS
1401 2459 1673 2503 OCTAVUS

648 2555 803 2586 UTRUM
828 2554 1016 2586 IUSTITIA
1039 2552 1353 2584 PARTICULARJS
1378 2552 1554 2583 HABEAT
1578 2551 1808 2582 MATERIAM
1832 2549 2070 2580 SPECIALEM

533 2636 556 2660 1²
576 2636 632 2666 11³⁶,
652 2643 696 2667 qu.
715 2642 755 2663 Lx.
775 2639 822 2659 art.
845 2640 872 2663 2;
892 2633 923 2657 111
943 2633 1027 2663 Sent.,
1046 2633 1104 2657 dist.
1123 2639 1207 2662 xxxm,
1227 2639 1271 2663 qu.
1290 2639 1318 2662 ιι,
1338 2637 1383 2656 art.
1405 2638 1429 2662 2,
1449 2636 1499 2663 qu*
1520 2631 1548 2660 33
1568 2638 1613 2662 qu.
1633 2637 1669 2659 ιιι,
1688 2635 1736 2654 ert.
1753 2637 1779 2661 4,
1799 2628 1849 2661 qu*
1871 2636 1898 2659 ις
1918 2628 1940 2652 V
1960 2628 2055 2657 Ethic„
2075 2628 2132 2652 lect.
2152 2634 2189 2651 ιιι.

363 2750 365 2752 ,
408 2747 456 2779 Ἢ
468 2726 470 2729 ’
484 2728 507 2756 ι)
527 2726 702 2753 OCTAVUM
721 2725 776 2752 sm
793 2724 1035 2758 PRocEmTUR.
1052 2711 1213 2748 Videtur
1230 2710 1337 2770 quod

411 2770 453 2830 ζεῦ
483 2767 623 2810 iustitia
631 2766 869 2816 particularis
889 2778 968 2809 ιιοιι
982 2766 1122 2804 habeat
1137 2764 1336 2803 materiam

287 2820 409 2909 32²5>
420 2808 456 2896 (χ
466 2820 700 2869 specialem
740 2819 841 2866 Quia
877 2830 991 2867 super
1018 2818 1112 2855 illud
1143 2817 1235 2854 Gen.
1261 2829 1284 2853 11
1303 2816 1335 2863 ²¹²,

306 2875 310 2882 ’“
330 2892 334 2896 «
355 2869 425 2906 “ffb
458 2894 472 2906 ,κ

273 2925 336 2970 cit
344 2925 483 2963 Glossa
495 2925 535 2962 *ε
563 2926 777 2974 Euphrates
798 2924 1000 2973 «frugifer
1018 2939 1037 2956 »
1059 2924 1333 2970 interpretatur.

272 2978 358 3016 Nec
384 2978 520 3015 dicitur
543 2984 675 3015 contra
695 2978 796 3026 quod
813 2981 831 2998 α
858 2976 983 3022 vadat,
1004 2976 1092 3023 quia
1121 2975 1275 3012 iustitia
1285 2974 1337 3010 ad

274 3042 403 3073 omnes
439 3031 591 3069 animae
614 3036 742 3079 partes
765 3029 935 3078 pertinet.
972 3005 1062 3066 ,'Hoe
1099 3035 1225 3064 autem
1243 3039 1334 3063 non

274 3091 373 3122 esset
401 3083 431 3120 si
449 3084 608 3125 haberet
635 3083 833 3128 materiam
853 3081 1079 3130 specialem:
1110 3080 1198 3129 quia
1218 3091 1334 3127 quae·-

273 3137 364 3180 libet
391 3137 549 3174 materia
577 3135 750 3186 specialis
777 3135 827 3172 ad
847 3134 1014 3183 aliquam
1043 3132 1252 3182 specialem
1265 3144 1333 3180 po-

273 3185 429 3233 tentiam
465 3189 655 3238 pertinen
678 3190 780 3236 Ergo
813 3187 954 3226 iustitia
988 3186 1222 3235 particularis
1255 3197 1335 3225 non

273 3243 390 3281 habet
417 3242 615 3284 materiam
644 3242 1313 3290 specialem..

319 3308 364 3339 9.
385 3296 621 3342 PRAETEREA,
648 3294 893 3343 Augustinus,
921 3293 962 3330 in
989 3292 1099 3335 libro
1118 3292 1334 3351 Octoginta-

274 3349 387 3389 trium
421 3349 567 3391 Quaest.
588 3347 620 3395 ²¹⁶,
643 3347 730 3385 dicit
758 3346 864 3407 quod
890 3351 1053 3398 quatuor
1070 3350 1156 3383 sunt
1181 3345 1334 3386 animae

484 2873 639 2910 Flavius
667 2878 831 2921 quartus
850 2872 927 2920 ipse
954 2877 1008 2908 est
1031 2871 1256 2918 Euphrates,
1282 2869 1336 2906 di·
1339 2889 1342 2894 -

1390 2718 1426 2747 et
1445 2709 1533 2748 dicit
1561 2709 1679 2757 quod
1696 2716 1829 2756 quarta
1851 2715 1906 2747 est
1931 2707 2082 2753 iustitia,
2103 2718 2199 2754 quae
2220 2718 2293 2754 per
2319 2718 2447 2743 omnes

1389 2763 1622 2812 diffunditur.
1644 2763 1745 2809 Ergo
1765 2761 1903 2799 iustitia
1920 2758 2164 2808 particularis,
2181 2771 2278 2807 quae
2298 2766 2354 2795 est
2371 2770 2447 2796 una

1390 2817 1449 2858 de
1446 2824 1619 2863 quatuor
1637 2814 1837 2857 virtutibus
1858 2813 2121 2858 cardinalibus,
2137 2824 2215 2848 non
2234 2811 2349 2848 habet
2363 2823 2446 2860 spe-

1390 2869 1523 2910 cialem
1550 2867 1760 2911 materiam.

1442 2923 1478 2958 3.
1499 2922 1731 2967 PRAETEREA,
1748 2902 1883 2956 iustitia
1903 2901 2023 2964 dirigit
2042 2916 2239 2953 hominem
2255 2915 2445 2952 5ιιίίἰεὶιῑιι-ι

1387 2981 1443 3010 ter
1470 2973 1508 3010 in
1527 2973 1584 3009 his
1612 2984 1718 3020 quae
1741 2978 1827 3008 sunt
1846 2971 1895 3008 ad
1922 2971 2093 3007 alterum.
2125 2969 2200 3006 Sed
2228 2981 2296 3017 per
2316 2968 2445 3005 omnia

1388 3038 1485 3074 quae
1514 3033 1599 3062 sunt
1627 3025 1739 3066 huius
1775 3023 1873 3067 vitae
1902 3023 2028 3067 homo
2049 3029 2174 3070 potest
2201 3021 2367 3058 ordinari
2396 3021 2443 3058 ad

1388 3079 1560 3115 alterum.
1583 3079 1684 3125 Ergo
1700 3076 1858 3118 materia
1871 3074 2030 3142 iustitiae
2049 3081 2106 3117 est
2124 3074 2320 3122 generalis,
2337 3086 2414 3110 non
2429 3072 2445 3102 β

1387 3131 1569 3180 specialis.

1441 3185 1516 3227 SED
1531 3195 1678 3221 CONTRA
1688 3165 1757 3223 Est
1772 3181 1876 3230 quod
1892 3180 2159 3239 Philosophus,
2175 3179 2213 3216 in
2227 3179 2262 3216 V
2275 3179 2395 3216 Ethic.
2411 3178 2441 3226 ²¹²,

1359 3237 1494 3286 ponit
1521 3236 1697 3279 iustitiam
1730 3234 1999 3293 particularem
2031 3234 2128 3270 circa
2157 3245 2202 3270 ea
2235 3231 2443 3280 specialiter

1388 3303 1487 3338 quae
1515 3289 1701 3338 pertinent
1729 3287 1778 3325 ad
1806 3286 2190 3324 communicationem
2219 3284 2331 3321 vitae.

1441 3344 1671 3386 ΒΕ5ΡοΝιιεο
1684 3352 1870 3379 mCENDUM
1897 3339 2002 3388 quod
2021 3338 2151 3375 omnia
2178 3348 2441 3395 quaecumque

273 3401 446 3448 virtutes,
475 3401 608 3449 quibus
635 3401 672 3437 in
700 3401 773 3438 hac
797 3399 876 3437 vita
908 3398 1152 3447 spiritualiter
1182 3398 1332 3442 vivitur,
1388 3395 1610 3438 rectificari
1629 3401 1797 3443 possunt
1828 3405 1897 3442 per
1936 3391 2119 3430 rationem
2160 3397 2245 3427 sunt
2286 3388 2441 3426 materia

273 3454 411 3497 scilicet
432 3454 646 3503 prudentia,
671 3451 927 3501 temperantia,
949 3451 1146 3499 fortitudo,
1177 3450 1333 3487 iustitia.-
1359 3469 1361 3494 ι
1386 3448 1533 3486 virtutis
1562 3447 1727 3493 moralis,
1749 3458 1845 3495 quae
1875 3444 2052 3488 definitur
2078 3454 2145 3492 per
2173 3442 2358 3480 rationem
2386 3453 2442 3478 re-

326 3585 358 3618 α)
373 3585 453 3618 quod.
463 3598 484 3604 -
501 3591 565 3617 quos
584 3582 666 3608 Pola.

1441 3577 1465 3611 β)
1486 3585 1546 3603 non.
1558 3592 1577 3597 —
1595 3581 1621 3602 et
1640 3585 1691 3608 non
1712 3577 1806 3601 Pol-la.

2475 1290 2499 1312 S.
2510 1270 2557 1311 Tii..
2567 1281 2617 1311 lect.
2627 1270 2663 1311 'uls
2675 1274 2683 1278 ι

2477 2176 2486 2185 “
2502 2177 2551 2196 Arx.
2567 2175 2588 2195 ὁ.

2500 1524 2528 1545 D.
2543 1524 2592 1552 803-
2642 1552 2645 1557 .

2546 1557 2591 1572 ..vt
2602 1557 2623 1571 u
2634 1554 2643 1567 ⁸
2649 1558 2685 1602 xo.

2477 1581 2520 1603 -S.
2529 1581 2572 1602 Th.
2589 1585 2608 1602 1
2610 1586 2638 1602 ct.
2679 1598 2684 1602 .

2477 2220 2486 2228 ⁵
2501 2219 2553 2240 lad
2567 2219 2608 2241 Cor
2635 2226 2675 2246 cap

1390 2264 1527 2304 benigna
1544 2269 1600 2300 est,
1615 2270 1690 2294 etc.:
1714 2262 1896 2293 tribuuntur
1911 2261 1996 2292 enim
2012 2261 2130 2291 caritati
2146 2257 2227 2301 quae
2239 2261 2450 2291 mediantibus
2475 2251 2523 2271 ‘³¹¹¹’
2536 2252 2594 2267 vers.
2635 2252 2685 2273 ΞΝ

2472 3183 2480 3191 ·
2492 3181 2523 3202 Ca
2542 3197 2547 3201 .
2560 3187 2584 3205 ιι,
2601 3187 2622 3202 n.
2635 3188 2677 3202 iffi·

2471 3208 2494 3228 S.
2507 3187 2551 3228 Τμῗι.
2569 3208 2619 3228 lecx.
2636 3214 2663 3228 iv.
