2860 4244
242 2290 320 2336 {rau-g.
335 2289 383 2310 Sed
395 2294 451 2310 con·

246 3377 255 3386 ¹·
271 3375 336 3396 Vers.
357 3381 387 3403 17,
396 3375 427 3397 18.

482 264 556 309 334
1136 257 1400 305 QUAESTIO
1430 257 1570 303 xcvi,
1599 256 1894 293 ARTICULUS
1925 255 1975 291 1v

473 348 566 390 puta
592 343 625 378 si
641 342 847 378 membrum
867 339 1018 386 aliquod
1042 337 1203 380 salierit,·
1224 336 1258 372 si
1278 335 1428 371 iunctim
1449 346 1528 370 am-
1555 345 1558 408 1
1584 334 1688 381 signa
1716 333 1928 382 procedunt
1943 338 1960 359 η
1981 333 2194 369 futurorum
2221 332 2459 379 morborum,
2485 344 2583 380 quae
2603 332 2642 385 li-

480 395 688 431 balantibus
707 394 836 430 amicis
855 392 947 439 lapis
974 396 1040 427 aut
1057 390 1158 426 canis
1177 394 1244 424 aut
1260 399 1359 435 puer
1386 387 1528 423 medius
1556 409 1558 435 Ι
1585 386 1654 422 cite
1674 398 1696 422 a
1717 386 1870 423 medicis
1891 387 2153 422 observantur.
2184 384 2294 423 Unde
2316 392 2353 420 et
2372 384 2403 420 si
2422 384 2506 433 quis
2534 396 2642 433 prae-

480 446 730 489 intervenerit‚·
748 446 858 481 limen
879 444 1026 480 calcare
1040 453 1123 477 cum
1143 446 1229 477 ante
1248 440 1400 476 domum
1419 451 1527 475 suam
1556 440 1557 452 ²
1584 438 1731 486 sagium
1761 439 1975 475 futurorum
2005 446 2210 474 eventuum
2251 436 2464 474 consideret
2502 449 2547 474 ex
2575 449 2644 474 sua

480 499 612 547 aliquis
639 498 790 540 transit‚·
818 497 938 532 redire
965 495 1015 531 ad
1041 494 1173 530 lectum
1201 494 1234 529 si
1260 493 1352 540 quis,
1382 493 1470 528 dum
1490 503 1529 527 se
1585 503 1709 537 causa,
1739 503 1817 528 non
1846 491 1913 527 erit
1942 490 2126 527 illicitum:
2157 490 2251 526 sicut
2279 489 2309 526 si
2343 501 2476 526 servus
2513 490 2644 526 timeat

480 552 629 595 calceat,
657 549 939 591 sternutaverit;
966 547 1088 583 redire
1106 547 1258 582 domum
1277 546 1311 581 si
1322 544 1530 592 procedens
1556 583 1558 597 1
1583 543 1731 591 flagella
1758 544 1893 580 videns
1923 543 2067 580 domini
2104 543 2197 579 iram
2226 540 2250 579 θ.
2292 543 2342 579 Et
2369 542 2490 578 simile
2529 542 2642 579 etiam

480 602 694 652 offenderit;
727 613 811 638 cum
848 601 955 637 vestis
983 611 1006 635 a
1034 599 1213 634 soricibus
1247 598 1410 642 roditur,
1443 597 1530 645 plus
1585 608 1666 632 esse
1695 603 1824 644 posset
1851 597 1882 632 si
1911 596 1994 644 quis
2031 596 2182 632 timeret
2218 603 2494 632 nocumentum
2533 595 2642 631 alicui

479 657 606 692 timere
640 654 930 702 superstitionem
959 657 974 679 Υ
1002 651 1095 687 mali
1108 650 1239 699 futuri
1272 662 1385 698 quam
1416 661 1529 697 prae·
1585 660 1704 696 puero
1734 660 1779 684 ex
1809 649 1919 685 oculo
1956 648 2182 685 fascinante:
2221 648 2268 684 de
2305 660 2383 697 quo
2418 647 2560 685 dictum
2591 655 2646 685 est

478 719 560 744 sens
587 707 765 743 damnum
793 705 927 742 dolere.
1557 718 1558 727 ι
1585 701 1622 737 in
1642 701 1768 737 Primo
1795 701 1910 737 Libro
1925 701 1955 738 ³¹².
1987 701 2049 738 Sic
2069 709 2196 738 autem
2216 713 2295 738 non
2315 709 2370 738 est
2388 700 2426 737 in
2446 701 2644 737 huiusmo-

532 760 753 795 RESPONDEO
787 769 967 794 DtCENDUM
1003 756 1106 804 quod
1141 755 1316 792 homines
1355 766 1487 791 omnes
1515 752 1528 775 ὅ
1557 775 1558 787 ι
1586 754 1623 791 di
1652 753 1993 790 observationibus.
2166 753 2168 756 ’

478 811 693 848 huiusmodi
722 810 1007 847 observationes
1035 809 1232 845 attendunt
1261 820 1339 844 non
1358 815 1400 843 ut
1418 819 1529 854 quas·
1557 811 1558 859 ἐ
1638 807 1695 842 AD
1724 817 1914 843 SECUNDUM
1943 818 2127 843 D1CENDUM
2146 807 2251 855 quod
2279 807 2354 843 hoc
2378 806 2483 854 quod
2503 819 2525 843 a
2543 806 2654 854 prin?

480 864 566 900 dam
597 876 746 909 causas,
778 863 844 899 sed
872 870 914 899 ut
950 862 1140 909 quaedam
1179 861 1283 908 signa
1317 861 1528 897 futurorum
1586 859 1683 907 cipio
1713 858 1750 894 in
1778 858 1854 894 istis
1883 858 2213 895 observationibus
2241 859 2382 908 aliquid
2409 859 2490 896 veri
2521 859 2644 896 homi-

479 923 683 952 eventuum
721 916 910 952 bonorum
947 915 1008 951 vel
1046 915 1246 950 malOrum.
1283 914 1373 950 Non
1402 920 1528 949 autem
1557 922 1559 939 ³
1585 924 1652 948 nes
1682 911 1822 959 experti
1850 918 1947 958 sunt,
1970 923 2060 947 casu
2080 911 2214 948 accidit
2233 917 2252 948 ⁸.
2284 912 2361 948 Sed
2380 912 2642 960 postmodum,

479 970 727 1006 observantur
755 969 850 1005 sicut
878 968 981 1016 signa
1009 979 1031 1003 a
1059 968 1143 1003 Deo
1164 966 1309 1012 tradita,
1336 978 1422 1002 curn
1451 977 1529 1002 non
1557 967 1559 1014 J
1586 977 1673 1001 cum
1710 963 1886 1000 homines
1918 963 2102 1012 incipiunt
2137 964 2356 1001 huiusmodi
2394 964 2644 1002 observantiis

478 1021 549 1058 Sint
576 1021 787 1058 introducta
815 1033 860 1057 ex
889 1020 1106 1057 auctoritate
1137 1019 1282 1056 divina:
1313 1019 1379 1055 sed
1409 1018 1529 1066 magis
1585 1029 1696 1054 suurn
1727 1016 1898 1053 animum
1927 1016 2140 1064 implicare,
2180 1017 2300 1053 multa
2335 1017 2548 1054 secundum
2576 1018 2645 1054 hu-

479 1086 523 1110 ex
550 1073 712 1110 vanitate
740 1074 919 1120 humana,
941 1080 1169 1121 cooperante
1190 1072 1422 1109 daemonum
1450 1083 1529 1107 ma·
1557 1076 1558 1090 ¹
1584 1070 1748 1107 iusmodi
1770 1070 2057 1106 observationes
2077 1069 2260 1106 eveniunt
2286 1081 2355 1118 per
2379 1070 2645 1119 deceptionem

478 1126 565 1173 litia,
595 1127 658 1174 qui
687 1126 854 1163 nituntur
889 1126 1038 1162 animos
1071 1125 1271 1162 hominum
1308 1123 1528 1160 huiusmodi
1556 1144 1558 1177 ἑ
1586 1123 1839 1167 daemonum,
1871 1127 1911 1158 ut
1935 1122 1992 1158 his
2019 1123 2339 1159 observationibus
2374 1123 2543 1159 homines
2578 1123 2647 1159 im-

478 1179 704 1216 vanitatibus
740 1179 942 1227 implicare.
983 1179 1031 1214 Et
1068 1178 1153 1215 ideo
1191 1177 1431 1214 manifestum
1475 1184 1529 1212 est
1579 1175 1711 1224 plicati
1745 1175 1968 1211 curiosiores
1993 1176 2108 1223 fiant,
2143 1181 2180 1211 et
2209 1187 2288 1212 sese
2320 1176 2446 1225 magis
2482 1176 2648 1212 inserant

479 1244 613 1268 omnes
641 1231 858 1268 huiusmodi
887 1231 1146 1267 observantias
1165 1235 1177 1250 ⁶
1198 1242 1279 1266 esse
1299 1229 1528 1278 superstitio·
1556 1242 1557 1259 π
1583 1228 1845 1276 multiplicibus
1872 1228 2014 1276 laqueis
2034 1228 2240 1276 perniciosi
2267 1229 2420 1276 erroris,
2448 1235 2490 1265 ut
2517 1229 2646 1276 Augu—

478 1297 537 1322 sas
567 1292 602 1321 et
629 1284 780 1321 illicitas.
820 1285 868 1320 Et
893 1284 1070 1320 videntur
1107 1295 1188 1319 esse
1223 1282 1411 1330 quaedam
1448 1282 1528 1318 reli·
1556 1271 1557 1309 l
1584 1281 1702 1318 stinus
1732 1280 1830 1328 dicit,
1861 1282 1892 1317 II
1921 1281 1967 1317 de
1992 1281 2101 1318 Doct.
2136 1281 2269 1318 Christ.
2289 1281 2309 1303 ’¹‘

478 1337 588 1385 quiae
604 1336 844 1383 idololatriae,
865 1336 1076 1373 secundum
1097 1347 1212 1383 quam
1228 1335 1530 1371 observabantur
1556 1351 1557 1366 1
1636 1335 1695 1370 An
1723 1345 1883 1371 TERTmM
1901 1345 2085 1371 mCENDUM
2105 1334 2209 1382 quod
2228 1334 2266 1371 in
2285 1334 2431 1383 populo
2449 1334 2646 1371 “Iudaeo-

477 1389 641 1437 auguria,
664 1397 698 1425 et
726 1389 881 1438 quidam
901 1389 980 1425 dies
1001 1388 1111 1425 fausti
1138 1388 1200 1425 vel
1230 1387 1378 1424 infausti
1408 1388 1528 1435 (quod
1556 1393 1557 1433 j
1585 1399 1691 1433 rum,
1723 1399 1767 1423 ex
1795 1399 1872 1435 quo
1902 1386 2073 1423 Christus
2102 1394 2181 1423 erat
2208 1386 2440 1434 nasciturus,
2469 1399 2548 1425 non
2585 1399 2647 1424 so-

477 1442 766 1490 quodammodo
796 1441 956 1490 pertinet
983 1441 1031 1478 ad
1060 1440 1332 1478 divinationem
1361 1452 1458 1489 quae
1487 1441 1530 1477 fit
1583 1440 1662 1476 lum
1692 1439 1811 1485 dicta,
1841 1440 1906 1476 sed
1936 1441 2050 1476 etiam
2088 1440 2185 1476 facta
2214 1440 2364 1476 fuerunt
2399 1440 2643 1489 prophetica:

475 1506 543 1543 per
571 1503 685 1539 astra,
724 1494 935 1531 secundum
966 1506 1063 1543 quae
1092 1493 1394 1531 diversificantur
1417 1493 1527 1539 dies):
1556 1528 1557 1542 ζ
1583 1500 1625 1529 ut
1652 1493 1883 1540 Augustinus
1912 1492 2019 1539 dicit,
2049 1498 2180 1529 contra
2206 1494 2390 1530 Faustum
2413 1492 2444 1529 ²¹⁸.
2481 1493 2531 1529 Et
2557 1492 2645 1530 ideo

477 1547 545 1584 nisi
574 1546 586 1572 ζ
613 1547 716 1596 quod
752 1547 972 1584 huiusmodi
1008 1546 1293 1583 observationes
1330 1553 1416 1583 sunt
1449 1546 1529 1583 sine
1556 1546 1558 1579 i
1583 1545 1724 1582 licitum
1754 1553 1810 1582 est
1836 1545 1898 1582 illa
1935 1546 2031 1582 facta
2069 1558 2264 1583 assumere
2301 1545 2350 1582 ad
2385 1552 2555 1583 nostram
2590 1545 2647 1583 in-

477 1600 618 1637 ratione
647 1607 682 1636 et
710 1608 805 1645 arte3
834 1601 935 1637 unde
974 1607 1059 1636 sunt
1094 1599 1213 1647 magis
1240 1611 1362 1636 vanae
1401 1607 1436 1636 et
1468 1612 1529 1636 su·
1556 1632 1558 1636 ,
1584 1599 1829 1635 structionem
1842 1598 1975 1647 ‚„sicut
2002 1598 2116 1646 signis
2149 1599 2330 1636 divinitus
2365 1598 2460 1635 datis
2487 1595 2514 1635 λ.
2553 1599 2647 1637 Non

476 1652 719 1702 perstitiosae.
1585 1659 1712 1688 autem
1742 1651 1872 1688 omnia
1899 1663 1997 1698 quae
2026 1659 2187 1699 aguntur
2214 1664 2283 1700 per
2311 1651 2482 1688 divinam
2518 1651 2646 1700 provi-

529 1707 586 1742 Ao
615 1717 752 1742 ptumum
785 1717 882 1742 ERGO
916 1717 1099 1742 DICENDUM
1128 1705 1233 1752 quod
1269 1704 1529 1741 infirmitatum
1556 1707 1558 1750 ἶ
1586 1704 1751 1741 dentiam
1780 1704 1832 1741 sic
1861 1704 2082 1741 ordinantur
2108 1712 2150 1741 ut
2178 1705 2249 1741 sint
2277 1705 2488 1741 futurorum
2524 1704 2643 1753 signa.

478 1770 614 1795 causae
650 1758 882 1807 praecedunt
910 1758 947 1794 in
977 1758 1105 1804 nobis,
1144 1769 1201 1794 ex-
1231 1758 1368 1805 quibus
1405 1757 1530 1805 aliqua
1556 1755 1558 1802 ξ
1583 1757 1692 1794 Unde
1723 1757 1815 1794 ratio
1846 1769 1922 1794 non
1951 1757 2130 1805 sequitur.

528 1889 554 1948 ἔ)
574 1889 827 1948 ευρενεΐίΐίοέεΜ.Ι-ι-
845 1888 1120 1948 superstitione?113²<ch3
1239 1924 1258 1947 p

530 1925 553 1991 ei
571 1928 790 1984 gzzgzuiitiaslitz
808 1930 1008 1983 0232221222?
1011 1930 1147 1983 ¹..PADcna’
1167 1930 1219 1947 om.
1260 1940 1267 1949 ⁸
1586 1959 1617 1990 D,
1637 1959 1692 1990 ipso
1709 1959 1809 1990 populo
1828 1959 1860 1984 G.

528 1995 553 2026 ζ)
573 1995 632 2019 nisi.
644 2008 663 2013 -
687 1994 796 2018 Videtur
813 2001 877 2026 ergo
896 1994 943 2019 Pa.
1637 1992 1665 2026 λ)
1685 1994 1769 2027 signis
1787 1994 1915 2019 divinitus
1935 1994 2015 2019 datis.
2029 2009 2049 2013 -
2067 1994 2146 2027 signa
2165 1994 2294 2020 divinitus
2312 1995 2378 2020 data
2403 1995 2472 2026 LsK,
2495 1995 2584 2029 signia
2609 1995 2651 2021 da·-

528 2030 554 2061 η)
569 2029 728 2061 procedunt.
741 2043 759 2047 —
773 2029 938 2060 praecedunt
957 2028 1061 2053 PCHsD
1081 2033 1106 2052 et
1123 2035 1150 2053 α.
1558 2027 1559 2031 ’
1585 2029 1683 2054 vinitas
1703 2029 1778 2054 datia
1798 2030 1825 2059 Ρ,
1845 2030 1915 2063 ignis
1934 2030 2062 2055 divinitus
2087 2029 2167 2054 datus
2185 2029 2220 2059 E.
2238 2029 2344 2063 signum
2364 2030 2494 2055 άίνίηἰτηε
2511 2030 2605 2057 datum
2631 2031 2652 2056 1.

529 2063 553 2097 θ)
573 2065 674 2089 domini
692 2064 770 2089 iram.
782 2078 800 2083 -
819 2064 920 2088 domim·
937 2064 979 2088 sui
997 2063 1065 2088 iram
1085 2064 1115 2094 D,
1136 2063 1204 2088 iram
1225 2064 1326 2089 domini
1342 2064 1385 2089 sui
1402 2064 1450 2089 Pa.
1557 2033 1560 2097 l
2209 2064 2210 2068 ’
2610 2059 2621 2070 ‘

1641 1889 1658 1919 ι)
1678 1895 1740 1913 casu
1759 1888 1866 1913 accidit.
1877 1902 1896 1907 -
1914 1888 1964 1913 hoc
1981 1889 2080 1914 accidit
2097 1896 2160 1913 casu
2181 1889 2228 1914 Pa.

1639 1923 1664 1955 κ)
1679 1924 1787 1955 populo.
1800 1938 1818 1942 —
1836 1924 1877 1949 his
1890 1924 2007 1956 populus
2025 1924 2199 1953 ACEFHlLa,
2219 1924 2260 1949 his
2275 1924 2383 1956 populis
2401 1925 2474 1957 BpK,
2493 1925 2534 1950 his
2545 1925 2649 1957 populo

1147 2152 1479 2185 Commentariis·
1501 2152 1752 2185 Cardinalis
1773 2153 1974 2185 Caietam

506 2250 526 2270 N
549 2239 679 2271 articulo
703 2239 804 2276 tertio,
829 2239 966 2279 intellige
990 2239 1118 2270 titulum
1142 2249 1179 2270 ex
1202 2239 1351 2280 exemplis
1374 2239 1473 2271 allatis
1497 2240 1528 2270 in
1555 2243 1557 2267 Ι
1583 2240 1688 2277 tionis,
1714 2241 1768 2271 sed
1790 2241 1935 2272 vanitatis
1958 2241 2001 2271 rei
2025 2241 2080 2283 qui
2104 2242 2181 2272 haec
2204 2250 2338 2274 servant.
2363 2243 2467 2274 Multo
2485 2231 2653 2286 tnagis'ex-

480 2252 607 2314 Ilittera
629 2283 789 2323 arguendo
805 2283 837 2313 in
854 2283 1040 2323 oppositum
1055 2283 1080 2315 *.
1105 2283 1145 2314 Et
1168 2284 1294 2314 adverte
1310 2284 1398 2324 quod
1419 2284 1528 2314 huius·
1584 2292 1733 2315 cusantur
1756 2295 1773 2315 a
1797 2285 2028 2325 superstitionis
2051 2285 2129 2316 vitio
2153 2286 2209 2327 qui
2226 2296 2262 2317 ex
2277 2286 2392 2318 timore
2416 2297 2455 2318 ne
2471 2297 2508 2323 ex
2523 2288 2651 2321 caelesti

478 2328 564 2358 modi
590 2328 840 2363 observationes,
867 2327 891 2357 si
915 2327 990 2358 fiant
1014 2337 1050 2357 ex
1083 2328 1311 2358 consuetudine
1335 2328 1470 2368 patriae,
1495 2335 1531 2359 ut
1582 2328 1704 2359 influxu
1728 2329 1931 2369 praeveniens
1955 2329 2117 2361 sinistrum
2136 2330 2268 2371 aliquod
2285 2331 2324 2362 sit
2340 2331 2507 2363 coeffectus
2522 2330 2649 2365 alterius

477 2372 597 2402 Romae
614 2378 738 2412 oportet
753 2371 917 2411 proprium
941 2378 1065 2411 tangere
1082 2382 1194 2402 nasum
1218 2382 1291 2402 curn
1311 2372 1446 2412 proximi
1462 2383 1530 2402 cor·
1584 2372 1681 2403 futuri
1706 2373 1796 2404 mali:
1826 2381 1862 2404 ut
1884 2374 1909 2404 si
1933 2373 2042 2404 timeat
2066 2385 2175 2405 casum
2198 2375 2230 2405 in
2255 2385 2347 2406 mane
2371 2376 2499 2416 signum
2523 2377 2648 2418 depres-

478 2415 563 2455 poris
586 2416 669 2445 bona
691 2415 838 2445 valetudo
862 2415 1016 2451 laudatur,
1042 2422 1071 2446 et
1095 2415 1208 2451 dicere,
1232 2417 1378 2456 Angelus
1400 2422 1531 2447 sanctus
1585 2417 1682 2447 sionis
1698 2417 1821 2448 futurae
1838 2428 1874 2448 ex
1891 2418 2055 2448 communi
2073 2429 2166 2449 causa
2182 2419 2315 2450 caelesti.
2336 2420 2385 2455 Et,
2403 2420 2546 2457 breviter,
2563 2431 2650 2453 com-

478 2460 589 2490 audiat
611 2457 656 2501 (et
678 2459 739 2489 hoc
755 2459 872 2498 passim
888 2469 905 2489 a
921 2459 1103 2489 mulieribus
1120 2458 1183 2501 fit);
1208 2467 1238 2490 et
1257 2461 1385 2500 quando
1402 2470 1438 2490 ex
1457 2471 1532 2501 qua·
1585 2461 1723 2492 muniter
1752 2462 1828 2492 haec
1851 2462 1983 2492 venialia
2007 2462 2154 2493 videntur
2182 2471 2324 2503 peccata,
2350 2470 2385 2494 ut
2408 2464 2552 2505 superius
2569 2465 2587 2484 *
2610 2467 2649 2498 de

479 2513 614 2543 cumque
638 2502 760 2533 levitate
783 2503 832 2532 vel
855 2502 967 2533 timore
991 2503 1124 2542 simplici
1149 2504 1242 2533 corde
1266 2503 1362 2540 fiunt,
1387 2511 1532 2544 putantes
1586 2505 1831 2536 divinationibus
1859 2513 1889 2536 et
1916 2506 2054 2545 auguriis
2085 2513 2115 2537 et
2145 2507 2253 2538 ceteris
2288 2507 2408 2538 dictum
2432 2515 2494 2544 est,
2519 2510 2649 2550 quando

479 2557 511 2578 se
535 2557 601 2577 non
623 2547 704 2576 male
728 2546 841 2582 facere,
866 2547 919 2576 sed
943 2556 1021 2576 vane
1051 2546 1176 2583 forsan;
1199 2557 1265 2577 non
1288 2555 1362 2578 sunt
1384 2548 1532 2588 supersti-
1586 2549 1764 2589 superfluus
1788 2556 1834 2580 est
1857 2550 1953 2580 timor
1976 2557 2030 2581 aut
2052 2550 2283 2582 irrationabilis.

1256 2701 1572 2744 ARTICULUS
1603 2703 1875 2755 QUARTUS

858 2792 1011 2833 UTRUM
1035 2792 1308 2823 SUSPENDERE
1331 2794 1479 2824 DIVINA
1501 2794 1642 2825 VERBA
1666 2795 1723 2825 AD
1749 2795 1929 2826 COLLUM
1953 2796 2019 2827 SIT
2044 2796 2267 2828 ILLICITUM

941 2871 1037 2901 Quodl.
1056 2871 1108 2902 ΧΠ,
1129 2879 1173 2904 qu.
1192 2879 1225 2902 lx,
1245 2877 1292 2898 art.
1312 2879 1341 2903 2;
1360 2873 1403 2897 Ad
1421 2872 1506 2902 Rom„
1526 2881 1582 2906 cap.
1601 2881 1617 2903 1,
1638 2875 1695 2899 lect.
1713 2882 1753 2906 v1;
1772 2874 1782 2899 Ι
1801 2874 1837 2899 ad
1858 2875 1926 2905 Cor„
1947 2883 2002 2907 cap.
2020 2883 2044 2906 x,
2064 2876 2121 2901 lect.
2139 2884 2182 2901 vu.

592 2971 657 3009 M<
684 2960 707 2985 D
727 2960 898 2990 QUARTUM
917 2961 970 2986 S1c
990 2961 1228 2987 PROCEDITUR.
1247 2950 1406 2988 Videtur
1425 2951 1529 2999 quod
1582 2952 1717 2990 tollent.
1747 2954 1849 3001 Ergo
1878 2953 2030 2991 videtur
2057 2955 2162 3004 quod
2190 2955 2333 2993 licitum
2364 2956 2409 2993 sit
2436 2956 2562 3006 aliqua
2589 2969 2649 2996 sa·

489 2989 672 3059 αἵθ
686 3001 916 3049 suspendere
937 3002 1065 3038 divina
1083 3003 1201 3039 verba
1221 3003 1268 3040 ad
1289 3004 1429 3040 collum
1450 3017 1528 3042 non
1554 3010 1556 3041 ἑ
1583 3017 1645 3042 cra
1673 3006 1810 3054 scripta
1839 3007 1937 3044 collo
1966 3008 2199 3056 suspendere
2228 3009 2266 3046 in
2294 3009 2510 3047 remedium
2545 3010 2649 3048 infir·

494 3056 611 3110 15³⁷?
630 3053 732 3099 *sit
767 3053 942 3091 illicitum.
982 3055 1073 3091 Non
1111 3055 1213 3092 enim
1252 3056 1379 3093 divina
1410 3058 1529 3094 verba
1554 3082 1556 3096 2
1583 3058 1721 3095 mitatis
1748 3060 1810 3096 vel
1839 3059 2113 3110 cuiuscumque
2142 3062 2378 3100 nocumenti.

533 3120 543 3131 ⁸
565 3096 842 3142 Qminoris
870 3114 956 3143 sunt
983 3107 1172 3144 efficaciae
1202 3121 1286 3146 curn
1317 3110 1530 3147 scribuntur
1638 3123 1672 3148 2.
1693 3113 1934 3160 PRAETEREA‚
1963 3113 2083 3150 verba
2112 3126 2218 3151 sacra
2237 3127 2315 3152 non
2340 3115 2468 3153 minus
2486 3126 2646 3165 operan-

479 3169 594 3205 quam
629 3169 714 3195 cum
751 3159 999 3206 proferuntur.
1040 3160 1115 3197 Sed
1143 3161 1227 3197 licet
1263 3161 1387 3210 aliqua
1424 3175 1530 3200 sacra
1583 3170 1643 3200 tur
1670 3164 1709 3201 in
1738 3165 1960 3214 corporibus
1987 3166 2191 3204 hominum
2211 3179 2328 3216 quam
2357 3168 2395 3206 in
2424 3168 2647 3218 corpor-ibus

478 3210 608 3268 verba·
625 3210 747 3247 dicere
775 3211 822 3247 ad
842 3211 989 3260 aliquos
1018 3211 1184 3260 effectus,
1210 3222 1300 3262 puta
1320 3215 1368 3252 ad
1397 3227 1531 3253 sanan·
1583 3225 1801 3265 serpentum
1830 3226 1867 3254 et
1894 3218 2054 3255 aliorum
2092 3219 2328 3259 animalium.
2365 3221 2443 3258 Sed
2479 3221 2647 3261 incanta-

480 3262 571 3299 dum
600 3263 791 3309 infirmos,
821 3263 932 3311 sicut,
961 3265 1074 3300 Pater
1100 3271 1240 3311 noster,
1268 3268 1350 3304 Ave
1376 3269 1529 3315 Maria,
1583 3269 1705 3306 tiones
1733 3270 1923 3319 quaedam
1945 3277 1962 3293 α
1982 3272 2192 3316 efficaciam
2211 3273 2354 3311 habent
2371 3274 2420 3311 ad
2439 3274 2646 3323 reprimen-

479 3316 540 3351 vel
577 3316 897 3365 qualitercumque
940 3329 1082 3353 nomen
1119 3319 1275 3355 Domini
1313 3319 1529 3359 invocetur:
1585 3321 1677 3359 dum
1706 3331 1911 3371 serpentes,
1935 3325 1997 3360 vel
2031 3326 2078 3363 ad
2111 3327 2326 3364 sanandum
2359 3326 2550 3375 quaedam
2573 3326 2647 3364 alia

481 3368 688 3404 secundum
707 3369 794 3406 illud
816 3369 934 3406 Marci
952 3370 1017 3406 ult.
1037 3369 1072 3406 ²¹⁸:
1101 3370 1147 3406 In
1167 3372 1316 3408 nomine
1335 3385 1416 3409 meo
1445 3374 1530 3411 dae·
1584 3375 1780 3412 animalia:
1809 3376 1912 3413 unde
1934 3376 2068 3415 dicitur
2086 3378 2124 3415 in
2153 3380 2292 3416 Psalm.
2312 3379 2352 3416 *t
2382 3379 2487 3416 Sicut
2509 3380 2648 3428 aspidis

481 3420 606 3456 monia
634 3421 786 3466 eiicient,
817 3422 953 3471 linguis
974 3422 1171 3470 loquentur
1198 3424 1314 3470 novis,
1346 3432 1530 3474 serpentes
1584 3428 1721 3465 surdae
1748 3434 1784 3465 et
1808 3429 2014 3467 obturantis
2041 3443 2154 3468 aures
2180 3443 2280 3478 suas,
2300 3443 2399 3480 quae
2425 3443 2500 3469 non
2529 3443 2647 3469 exau·

535 3540 561 3570 α)
581 3541 717 3572 quaedam.
729 3555 748 3559 -
766 3542 897 3574 quandam
919 3543 985 3568 PCa.

2671 705 2682 715 ⁴
2692 703 2741 731 Qu.
2751 709 2823 731 cxvii,
2838 710 2860 726 u

2670 736 2691 759 3,
2706 730 2736 752 ad
2749 736 2771 752 2.

2670 1284 2684 1313 .’
2698 1283 2755 1312 Cap.
2770 1289 2837 1306 xxm.

2673 1497 2684 1508 ⁸
2701 1496 2752 1519 Lib.
2772 1496 2806 1518 1v
2832 1503 2860 1520 cc

2673 1529 2707 1550 u;
2734 1523 2775 1546 nb.
2803 1513 2860 1550 ω

2673 1555 2724 1578 etp.
2738 1555 2803 1572 xxxv.

2678 2467 2744 2496 “Qu.
2752 2473 2805 2495 xcv,

2677 2493 2809 2517 Commeat.
2815 2499 2838 2516 n.

2673 3394 2694 3447 ς,
2709 3398 2736 3441 ε
2753 3382 2827 3420 ‘'¹¹’‘
