<?xml version="1.0" encoding="UTF-8"?>
<!DOCTYPE html PUBLIC "-//W3C//DTD XHTML 1.0 Transitional//EN"
    "http://www.w3.org/TR/xhtml1/DTD/xhtml1-transitional.dtd">
<html xmlns="http://www.w3.org/1999/xhtml" xml:lang="en" lang="en">
 <head>
  <title>
</title>
<meta http-equiv="Content-Type" content="text/html;charset=utf-8" />
  <meta name='ocr-system' content='tesseract 3.04.00' />
  <meta name='ocr-capabilities' content='ocr_page ocr_carea ocr_par ocr_line ocrx_word'/>
</head>
<body>
  <div class='ocr_page' id='page_1' title='image "./operaomniaiussui09thom/operaomniaiussui09thom_0184.png"; bbox 0 0 2860 4244; ppageno 0'>
   <div class='ocr_carea' id='block_1_1' title="bbox 246 1218 261 1234">
    <p class='ocr_par' dir='ltr' id='par_1_1' title="bbox 246 1218 261 1234">
     <span class='ocr_line' id='line_1_1' title="bbox 246 1218 261 1234; baseline 0 0"><span class='ocrx_word' id='word_1_1' title='bbox 246 1218 261 1234; x_wconf 78' lang='grc' dir='ltr'><strong>α</strong></span> 
     </span>
    </p>
   </div>
   <div class='ocr_carea' id='block_1_2' title="bbox 151 1243 359 1271">
    <p class='ocr_par' dir='ltr' id='par_1_2' title="bbox 151 1243 359 1271">
     <span class='ocr_line' id='line_1_2' title="bbox 151 1243 359 1271; baseline 0 -7"><span class='ocrx_word' id='word_1_2' title='bbox 151 1243 223 1264; x_wconf 77' lang='lat' dir='ltr'>¹Lib.</span> <span class='ocrx_word' id='word_1_3' title='bbox 244 1243 289 1270; x_wconf 81' lang='lat'>111,</span> <span class='ocrx_word' id='word_1_4' title='bbox 309 1248 359 1271; x_wconf 85' lang='lat' dir='ltr'>cap.</span> 
     </span>
    </p>
   </div>
   <div class='ocr_carea' id='block_1_3' title="bbox 150 1269 311 1297">
    <p class='ocr_par' dir='ltr' id='par_1_3' title="bbox 150 1269 311 1297">
     <span class='ocr_line' id='line_1_3' title="bbox 150 1269 311 1297; baseline 0 -7"><span class='ocrx_word' id='word_1_5' title='bbox 150 1258 311 1297; x_wconf 66' lang='lat' dir='ltr'>x111,al.§55.</span> 
     </span>
    </p>
   </div>
   <div class='ocr_carea' id='block_1_4' title="bbox 146 2492 263 2520">
    <p class='ocr_par' dir='ltr' id='par_1_4' title="bbox 146 2492 263 2520">
     <span class='ocr_line' id='line_1_4' title="bbox 146 2492 263 2520; baseline -0.017 -6"><span class='ocrx_word' id='word_1_6' title='bbox 146 2493 156 2504; x_wconf 74' lang='lat'><em>&#39;</em></span> <span class='ocrx_word' id='word_1_7' title='bbox 171 2492 228 2520; x_wconf 83' lang='lat' dir='ltr'>Cap.</span> <span class='ocrx_word' id='word_1_8' title='bbox 240 2499 263 2513; x_wconf 84' lang='lat' dir='ltr'>x.</span> 
     </span>
    </p>
   </div>
   <div class='ocr_carea' id='block_1_5' title="bbox 398 251 464 286">
    <p class='ocr_par' dir='ltr' id='par_1_5' title="bbox 398 251 464 286">
     <span class='ocr_line' id='line_1_5' title="bbox 398 251 464 286; baseline 0 -1"><span class='ocrx_word' id='word_1_9' title='bbox 398 251 464 286; x_wconf 86' lang='lat'>152</span> 
     </span>
    </p>
   </div>
   <div class='ocr_carea' id='block_1_6' title="bbox 1033 249 1924 296">
    <p class='ocr_par' dir='ltr' id='par_1_6' title="bbox 1033 249 1924 296">
     <span class='ocr_line' id='line_1_6' title="bbox 1033 249 1924 296; baseline 0.001 -11"><span class='ocrx_word' id='word_1_10' title='bbox 1033 249 1298 296; x_wconf 88' lang='lat' dir='ltr'>QUAESTIO</span> <span class='ocrx_word' id='word_1_11' title='bbox 1329 249 1520 295; x_wconf 83' lang='lat' dir='ltr'>LXXVII,</span> <span class='ocrx_word' id='word_1_12' title='bbox 1550 249 1845 287; x_wconf 87' lang='lat' dir='ltr'>ARTICULUS</span> <span class='ocrx_word' id='word_1_13' title='bbox 1876 251 1924 286; x_wconf 93' lang='grc' dir='ltr'>ΙΙΙ</span> 
     </span>
    </p>
   </div>
   <div class='ocr_carea' id='block_1_7' title="bbox 1189 354 1766 398">
    <p class='ocr_par' dir='ltr' id='par_1_7' title="bbox 1189 354 1766 398">
     <span class='ocr_line' id='line_1_7' title="bbox 1189 354 1766 398; baseline 0.002 -1"><span class='ocrx_word' id='word_1_14' title='bbox 1189 354 1507 397; x_wconf 88' lang='lat' dir='ltr'>ARTICULUS</span> <span class='ocrx_word' id='word_1_15' title='bbox 1536 355 1766 398; x_wconf 88' lang='lat' dir='ltr'><strong>TERTIUS</strong></span> 
     </span>
    </p>
   </div>
   <div class='ocr_carea' id='block_1_8' title="bbox 797 425 2160 541">
    <p class='ocr_par' dir='ltr' id='par_1_8' title="bbox 797 425 2160 541">
     <span class='ocr_line' id='line_1_8' title="bbox 797 425 2160 471; baseline 0 -1"><span class='ocrx_word' id='word_1_16' title='bbox 797 439 950 470; x_wconf 90' lang='lat' dir='ltr'>UTRUM</span> <span class='ocrx_word' id='word_1_17' title='bbox 975 438 1200 469; x_wconf 90' lang='lat' dir='ltr'>VENDITOR</span> <span class='ocrx_word' id='word_1_18' title='bbox 1223 437 1462 468; x_wconf 89' lang='lat' dir='ltr'>TENEATUR</span> <span class='ocrx_word' id='word_1_19' title='bbox 1485 437 1642 469; x_wconf 90' lang='lat' dir='ltr'>DICERE</span> <span class='ocrx_word' id='word_1_20' title='bbox 1662 425 1820 471; x_wconf 49' lang='lat' dir='ltr'>‘VITIUM</span> <span class='ocrx_word' id='word_1_21' title='bbox 1844 441 1914 471; x_wconf 88' lang='lat' dir='ltr'>REI</span> <span class='ocrx_word' id='word_1_22' title='bbox 1938 440 2160 471; x_wconf 84' lang='lat' dir='ltr'>VENDITAE</span> 
     </span>
     <span class='ocr_line' id='line_1_9' title="bbox 1299 508 1662 541; baseline 0 -8"><span class='ocrx_word' id='word_1_23' title='bbox 1299 508 1395 539; x_wconf 82' lang='lat' dir='ltr'>Quodl.</span> <span class='ocrx_word' id='word_1_24' title='bbox 1415 508 1444 539; x_wconf 90' lang='lat'>11,</span> <span class='ocrx_word' id='word_1_25' title='bbox 1464 516 1508 541; x_wconf 88' lang='lat' dir='ltr'>qu.</span> <span class='ocrx_word' id='word_1_26' title='bbox 1526 517 1551 540; x_wconf 93' lang='lat' dir='ltr'>v,</span> <span class='ocrx_word' id='word_1_27' title='bbox 1571 514 1618 533; x_wconf 81' lang='lat' dir='ltr'>art.</span> <span class='ocrx_word' id='word_1_28' title='bbox 1639 517 1662 534; x_wconf 91' lang='lat'>2.</span> 
     </span>
    </p>
   </div>
   <div class='ocr_carea' id='block_1_9' title="bbox 403 599 585 780">
    <p class='ocr_par' dir='ltr' id='par_1_9' title="bbox 403 599 585 780">
     <span class='ocr_line' id='line_1_10' title="bbox 403 599 475 641; baseline 0 3603"><span class='ocrx_word' id='word_1_29' title='bbox 403 599 475 641; x_wconf 95' lang='lat' dir='ltr'> </span> 
     </span>
     <span class='ocr_line' id='line_1_11' title="bbox 403 641 585 780; baseline 0.005 -78"><span class='ocrx_word' id='word_1_30' title='bbox 403 641 585 780; x_wconf 95' lang='lat' dir='ltr'>   </span> 
     </span>
    </p>
   </div>
   <div class='ocr_carea' id='block_1_10' title="bbox 383 577 1454 3278">
    <p class='ocr_par' dir='ltr' id='par_1_10' title="bbox 407 577 1451 734">
     <span class='ocr_line' id='line_1_12' title="bbox 415 577 1451 664; baseline -0.003 -47"><span class='ocrx_word' id='word_1_31' title='bbox 415 597 487 664; x_wconf 37' lang='grc' dir='ltr'>βξ,</span> <span class='ocrx_word' id='word_1_32' title='bbox 504 600 576 645; x_wconf 52' lang='lat'>„3</span> <span class='ocrx_word' id='word_1_33' title='bbox 600 593 622 617; x_wconf 88' lang='lat' dir='ltr'>D</span> <span class='ocrx_word' id='word_1_34' title='bbox 650 591 809 616; x_wconf 77' lang='lat' dir='ltr'>TERTIUM</span> <span class='ocrx_word' id='word_1_35' title='bbox 829 591 882 615; x_wconf 76' lang='lat' dir='ltr'>src</span> <span class='ocrx_word' id='word_1_36' title='bbox 907 590 1146 615; x_wconf 79' lang='lat' dir='ltr'>PROCEDITUR.</span> <span class='ocrx_word' id='word_1_37' title='bbox 1167 577 1327 615; x_wconf 90' lang='lat' dir='ltr'>Videtur</span> <span class='ocrx_word' id='word_1_38' title='bbox 1345 577 1451 636; x_wconf 82' lang='lat' dir='ltr'>quod</span> 
     </span>
     <span class='ocr_line' id='line_1_13' title="bbox 419 604 1451 694; baseline -0.002 -25"><span class='ocrx_word' id='word_1_39' title='bbox 419 625 471 694; x_wconf 43' lang='lat' dir='ltr'>§J</span> <span class='ocrx_word' id='word_1_40' title='bbox 515 604 579 683; x_wconf 55' lang='grc' dir='ltr'>ἵξῆ</span> <span class='ocrx_word' id='word_1_41' title='bbox 601 632 776 669; x_wconf 91' lang='lat' dir='ltr'>venditor</span> <span class='ocrx_word' id='word_1_42' title='bbox 795 644 874 668; x_wconf 92' lang='lat' dir='ltr'>non</span> <span class='ocrx_word' id='word_1_43' title='bbox 902 639 1073 668; x_wconf 86' lang='lat' dir='ltr'>teneatur</span> <span class='ocrx_word' id='word_1_44' title='bbox 1093 631 1217 668; x_wconf 86' lang='lat' dir='ltr'>dicere</span> <span class='ocrx_word' id='word_1_45' title='bbox 1242 630 1378 668; x_wconf 88' lang='lat' dir='ltr'>vitium</span> <span class='ocrx_word' id='word_1_46' title='bbox 1398 630 1451 667; x_wconf 88' lang='lat' dir='ltr'>rei</span> 
     </span>
     <span class='ocr_line' id='line_1_14' title="bbox 536 671 1451 732; baseline -0.002 -10.251"><span class='ocrx_word' id='word_1_47' title='bbox 536 671 789 722; x_wconf 64' lang='lat' dir='ltr'>&#39;venditae</span> <span class='ocrx_word' id='word_1_48' title='bbox 828 685 927 720; x_wconf 91' lang='lat' dir='ltr'>Cum</span> <span class='ocrx_word' id='word_1_49' title='bbox 964 684 1067 721; x_wconf 87' lang='lat' dir='ltr'>enim</span> <span class='ocrx_word' id='word_1_50' title='bbox 1093 683 1272 721; x_wconf 91' lang='lat' dir='ltr'>venditor</span> <span class='ocrx_word' id='word_1_51' title='bbox 1305 691 1451 732; x_wconf 90' lang='lat' dir='ltr'>empto-</span> 
     </span>
    </p>

    <p class='ocr_par' dir='ltr' id='par_1_11' title="bbox 389 730 1454 1052">
     <span class='ocr_line' id='line_1_15' title="bbox 445 730 1452 784; baseline 0 -10"><span class='ocrx_word' id='word_1_52' title='bbox 445 754 456 773; x_wconf 31' lang='grc' dir='ltr'>,ὃ</span> <span class='ocrx_word' id='word_1_53' title='bbox 478 732 532 765; x_wconf 49' lang='lat'>“75</span> <span class='ocrx_word' id='word_1_54' title='bbox 556 730 681 774; x_wconf 39' lang='lat' dir='ltr'>&amp;rem</span> <span class='ocrx_word' id='word_1_55' title='bbox 711 738 759 774; x_wconf 91' lang='lat' dir='ltr'>ad</span> <span class='ocrx_word' id='word_1_56' title='bbox 794 738 1002 774; x_wconf 88' lang='lat' dir='ltr'>emendum</span> <span class='ocrx_word' id='word_1_57' title='bbox 1038 749 1116 774; x_wconf 91' lang='lat' dir='ltr'>non</span> <span class='ocrx_word' id='word_1_58' title='bbox 1149 744 1276 784; x_wconf 87' lang='lat' dir='ltr'>cogat,</span> <span class='ocrx_word' id='word_1_59' title='bbox 1301 737 1452 774; x_wconf 89' lang='lat' dir='ltr'>videtur</span> 
     </span>
     <span class='ocr_line' id='line_1_16' title="bbox 390 789 1452 839; baseline -0.001 -12"><span class='ocrx_word' id='word_1_60' title='bbox 390 791 470 828; x_wconf 91' lang='lat' dir='ltr'>eius</span> <span class='ocrx_word' id='word_1_61' title='bbox 498 790 635 827; x_wconf 92' lang='lat' dir='ltr'>iudicio</span> <span class='ocrx_word' id='word_1_62' title='bbox 669 802 750 827; x_wconf 91' lang='lat' dir='ltr'>rem</span> <span class='ocrx_word' id='word_1_63' title='bbox 788 802 903 838; x_wconf 86' lang='lat' dir='ltr'>quam</span> <span class='ocrx_word' id='word_1_64' title='bbox 939 789 1070 827; x_wconf 88' lang='lat' dir='ltr'>vendit</span> <span class='ocrx_word' id='word_1_65' title='bbox 1105 802 1335 839; x_wconf 87' lang='lat' dir='ltr'><strong>supponere.</strong></span> <span class='ocrx_word' id='word_1_66' title='bbox 1375 789 1452 826; x_wconf 91' lang='lat' dir='ltr'>Sed</span> 
     </span>
     <span class='ocr_line' id='line_1_17' title="bbox 389 842 1453 892; baseline -0.002 -11"><span class='ocrx_word' id='word_1_67' title='bbox 389 845 435 881; x_wconf 90' lang='lat' dir='ltr'>ad</span> <span class='ocrx_word' id='word_1_68' title='bbox 457 845 623 880; x_wconf 91' lang='lat' dir='ltr'>eundem</span> <span class='ocrx_word' id='word_1_69' title='bbox 643 843 806 892; x_wconf 86' lang='lat' dir='ltr'>pertinet</span> <span class='ocrx_word' id='word_1_70' title='bbox 824 842 1007 880; x_wconf 75' lang='lat' dir='ltr'>Iudicium</span> <span class='ocrx_word' id='word_1_71' title='bbox 1027 851 1063 880; x_wconf 93' lang='lat' dir='ltr'>et</span> <span class='ocrx_word' id='word_1_72' title='bbox 1082 843 1245 891; x_wconf 89' lang='lat' dir='ltr'>cognitio</span> <span class='ocrx_word' id='word_1_73' title='bbox 1266 843 1331 879; x_wconf 88' lang='lat' dir='ltr'>rei.</span> <span class='ocrx_word' id='word_1_74' title='bbox 1363 843 1453 879; x_wconf 92' lang='lat' dir='ltr'>Non</span> 
     </span>
     <span class='ocr_line' id='line_1_18' title="bbox 390 896 1453 944; baseline -0.001 -11"><span class='ocrx_word' id='word_1_75' title='bbox 390 908 478 944; x_wconf 89' lang='lat' dir='ltr'>ergo</span> <span class='ocrx_word' id='word_1_76' title='bbox 505 897 657 933; x_wconf 90' lang='lat' dir='ltr'>videtur</span> <span class='ocrx_word' id='word_1_77' title='bbox 675 896 944 944; x_wconf 84' lang='lat' dir='ltr'>imputandum</span> <span class='ocrx_word' id='word_1_78' title='bbox 967 896 1156 934; x_wconf 90' lang='lat' dir='ltr'>venditori</span> <span class='ocrx_word' id='word_1_79' title='bbox 1185 897 1216 933; x_wconf 90' lang='lat' dir='ltr'>si</span> <span class='ocrx_word' id='word_1_80' title='bbox 1245 904 1396 944; x_wconf 85' lang='lat' dir='ltr'>emptor</span> <span class='ocrx_word' id='word_1_81' title='bbox 1415 896 1453 932; x_wconf 90' lang='lat' dir='ltr'>in</span> 
     </span>
     <span class='ocr_line' id='line_1_19' title="bbox 389 949 1454 998; baseline -0.002 -11"><span class='ocrx_word' id='word_1_82' title='bbox 389 962 458 987; x_wconf 91' lang='lat' dir='ltr'>suo</span> <span class='ocrx_word' id='word_1_83' title='bbox 478 950 617 987; x_wconf 90' lang='lat' dir='ltr'>iudicio</span> <span class='ocrx_word' id='word_1_84' title='bbox 647 949 841 998; x_wconf 89' lang='lat' dir='ltr'>decipitur,</span> <span class='ocrx_word' id='word_1_85' title='bbox 862 949 1151 998; x_wconf 84' lang='lat' dir='ltr'>praecipitanter</span> <span class='ocrx_word' id='word_1_86' title='bbox 1170 949 1348 995; x_wconf 88' lang='lat' dir='ltr'>emendo,</span> <span class='ocrx_word' id='word_1_87' title='bbox 1370 950 1454 986; x_wconf 92' lang='lat' dir='ltr'>abs-</span> 
     </span>
     <span class='ocr_line' id='line_1_20' title="bbox 389 1002 1397 1052; baseline -0.001 -13"><span class='ocrx_word' id='word_1_88' title='bbox 389 1015 462 1052; x_wconf 87' lang='lat' dir='ltr'>que</span> <span class='ocrx_word' id='word_1_89' title='bbox 493 1002 658 1050; x_wconf 88' lang='lat' dir='ltr'>diligenti</span> <span class='ocrx_word' id='word_1_90' title='bbox 679 1002 922 1051; x_wconf 88' lang='lat' dir='ltr'>inquisitione</span> <span class='ocrx_word' id='word_1_91' title='bbox 952 1003 999 1040; x_wconf 91' lang='lat' dir='ltr'>de</span> <span class='ocrx_word' id='word_1_92' title='bbox 1024 1002 1304 1040; x_wconf 91' lang='lat' dir='ltr'>conditionibus</span> <span class='ocrx_word' id='word_1_93' title='bbox 1333 1002 1397 1038; x_wconf 91' lang='lat' dir='ltr'>rei.</span> 
     </span>
    </p>

    <p class='ocr_par' dir='ltr' id='par_1_12' title="bbox 386 1054 1454 1463">
     <span class='ocr_line' id='line_1_21' title="bbox 443 1054 1452 1104; baseline -0.001 -12"><span class='ocrx_word' id='word_1_94' title='bbox 443 1067 478 1092; x_wconf 82' lang='lat'>2.</span> <span class='ocrx_word' id='word_1_95' title='bbox 499 1057 731 1103; x_wconf 79' lang='lat' dir='ltr'>PRAETEREA,</span> <span class='ocrx_word' id='word_1_96' title='bbox 757 1056 912 1092; x_wconf 90' lang='lat' dir='ltr'>stultum</span> <span class='ocrx_word' id='word_1_97' title='bbox 941 1056 1091 1093; x_wconf 91' lang='lat' dir='ltr'>videtur</span> <span class='ocrx_word' id='word_1_98' title='bbox 1118 1056 1224 1104; x_wconf 93' lang='lat' dir='ltr'>quod</span> <span class='ocrx_word' id='word_1_99' title='bbox 1252 1055 1387 1103; x_wconf 84' lang='lat' dir='ltr'>aliquis</span> <span class='ocrx_word' id='word_1_100' title='bbox 1415 1054 1452 1091; x_wconf 90' lang='lat' dir='ltr'>id</span> 
     </span>
     <span class='ocr_line' id='line_1_22' title="bbox 388 1108 1454 1157; baseline -0.002 -12"><span class='ocrx_word' id='word_1_101' title='bbox 388 1109 499 1146; x_wconf 84' lang='lat' dir='ltr'>faciat</span> <span class='ocrx_word' id='word_1_102' title='bbox 526 1109 629 1146; x_wconf 89' lang='lat' dir='ltr'>unde</span> <span class='ocrx_word' id='word_1_103' title='bbox 658 1109 738 1145; x_wconf 92' lang='lat' dir='ltr'>eius</span> <span class='ocrx_word' id='word_1_104' title='bbox 766 1109 936 1157; x_wconf 89' lang='lat' dir='ltr'>operatio</span> <span class='ocrx_word' id='word_1_105' title='bbox 959 1108 1199 1157; x_wconf 87' lang='lat' dir='ltr'>impediatur.</span> <span class='ocrx_word' id='word_1_106' title='bbox 1235 1108 1310 1145; x_wconf 89' lang='lat' dir='ltr'>Sed</span> <span class='ocrx_word' id='word_1_107' title='bbox 1339 1108 1370 1144; x_wconf 90' lang='lat' dir='ltr'>si</span> <span class='ocrx_word' id='word_1_108' title='bbox 1390 1108 1454 1144; x_wconf 89' lang='lat' dir='ltr'>ali-</span> 
     </span>
     <span class='ocr_line' id='line_1_23' title="bbox 388 1161 1453 1211; baseline -0.001 -13"><span class='ocrx_word' id='word_1_109' title='bbox 388 1162 471 1211; x_wconf 91' lang='lat' dir='ltr'>quis</span> <span class='ocrx_word' id='word_1_110' title='bbox 498 1162 589 1199; x_wconf 90' lang='lat' dir='ltr'>vitia</span> <span class='ocrx_word' id='word_1_111' title='bbox 627 1162 680 1198; x_wconf 91' lang='lat' dir='ltr'>rei</span> <span class='ocrx_word' id='word_1_112' title='bbox 708 1162 936 1199; x_wconf 87' lang='lat' dir='ltr'>vendendae</span> <span class='ocrx_word' id='word_1_113' title='bbox 965 1162 1121 1208; x_wconf 89' lang='lat' dir='ltr'>indicet,</span> <span class='ocrx_word' id='word_1_114' title='bbox 1152 1161 1311 1210; x_wconf 88' lang='lat' dir='ltr'>impedit</span> <span class='ocrx_word' id='word_1_115' title='bbox 1342 1172 1453 1197; x_wconf 86' lang='lat' dir='ltr'>suam</span> 
     </span>
     <span class='ocr_line' id='line_1_24' title="bbox 387 1213 1453 1261; baseline -0.001 -10"><span class='ocrx_word' id='word_1_116' title='bbox 387 1214 666 1251; x_wconf 89' lang='lat' dir='ltr'>venditionem:</span> <span class='ocrx_word' id='word_1_117' title='bbox 693 1223 735 1252; x_wconf 88' lang='lat' dir='ltr'>ut</span> <span class='ocrx_word' id='word_1_118' title='bbox 755 1215 856 1251; x_wconf 89' lang='lat' dir='ltr'>enim</span> <span class='ocrx_word' id='word_1_119' title='bbox 868 1220 885 1236; x_wconf 76' lang='lat'><em>²</em></span> <span class='ocrx_word' id='word_1_120' title='bbox 901 1215 1062 1261; x_wconf 91' lang='lat' dir='ltr'>Tullius,</span> <span class='ocrx_word' id='word_1_121' title='bbox 1079 1215 1116 1251; x_wconf 92' lang='lat' dir='ltr'>in</span> <span class='ocrx_word' id='word_1_122' title='bbox 1132 1215 1226 1251; x_wconf 92' lang='lat' dir='ltr'>libro</span> <span class='ocrx_word' id='word_1_123' title='bbox 1242 1215 1288 1251; x_wconf 86' lang='lat' dir='ltr'>de</span> <span class='ocrx_word' id='word_1_124' title='bbox 1301 1214 1410 1261; x_wconf 84' lang='lat' dir='ltr'>Offic.</span> <span class='ocrx_word' id='word_1_125' title='bbox 1421 1213 1453 1260; x_wconf 71' lang='lat'>⁹¹⁶,</span> 
     </span>
     <span class='ocr_line' id='line_1_25' title="bbox 387 1267 1453 1316; baseline -0.002 -12"><span class='ocrx_word' id='word_1_126' title='bbox 387 1268 530 1305; x_wconf 91' lang='lat' dir='ltr'>inducit</span> <span class='ocrx_word' id='word_1_127' title='bbox 566 1269 757 1316; x_wconf 86' lang='lat' dir='ltr'>quendam</span> <span class='ocrx_word' id='word_1_128' title='bbox 788 1267 997 1314; x_wconf 81' lang='lat' dir='ltr'>dicentem,</span> <span class='ocrx_word' id='word_1_129' title='bbox 1027 1268 1117 1315; x_wconf 84' lang='lat' dir='ltr'>quid</span> <span class='ocrx_word' id='word_1_130' title='bbox 1143 1273 1219 1304; x_wconf 89' lang='lat' dir='ltr'>tam</span> <span class='ocrx_word' id='word_1_131' title='bbox 1248 1267 1453 1303; x_wconf 83' lang='lat' dir='ltr'>absurdum</span> 
     </span>
     <span class='ocr_line' id='line_1_26' title="bbox 387 1319 1454 1369; baseline -0.002 -12"><span class='ocrx_word' id='word_1_132' title='bbox 387 1333 500 1369; x_wconf 84' lang='lat' dir='ltr'>quam</span> <span class='ocrx_word' id='word_1_133' title='bbox 519 1321 562 1366; x_wconf 90' lang='lat' dir='ltr'>si,</span> <span class='ocrx_word' id='word_1_134' title='bbox 583 1321 726 1357; x_wconf 86' lang='lat' dir='ltr'>domini</span> <span class='ocrx_word' id='word_1_135' title='bbox 739 1321 852 1366; x_wconf 86' lang='lat' dir='ltr'>iussu,</span> <span class='ocrx_word' id='word_1_136' title='bbox 873 1321 923 1357; x_wconf 87' lang='lat' dir='ltr'>ita</span> <span class='ocrx_word' id='word_1_137' title='bbox 933 1332 1076 1368; x_wconf 86' lang='lat' dir='ltr'>praeco</span> <span class='ocrx_word' id='word_1_138' title='bbox 1090 1320 1346 1368; x_wconf 81' lang='lat' dir='ltr'>praediceret.-</span> <span class='ocrx_word' id='word_1_139' title='bbox 1373 1319 1454 1355; x_wconf 92' lang='lat' dir='ltr'>Do-</span> 
     </span>
     <span class='ocr_line' id='line_1_27' title="bbox 387 1372 1452 1432; baseline -0.002 -22"><span class='ocrx_word' id='word_1_140' title='bbox 387 1386 490 1410; x_wconf 87' lang='lat' dir='ltr'>mum</span> <span class='ocrx_word' id='word_1_141' title='bbox 514 1373 742 1432; x_wconf 82' lang='lat' dir='ltr'>pestilentem</span> <span class='ocrx_word' id='word_1_142' title='bbox 770 1372 921 1410; x_wconf 82' lang='lat' dir='ltr'>vendo?</span> <span class='ocrx_word' id='word_1_143' title='bbox 950 1373 1052 1420; x_wconf 85' lang='lat' dir='ltr'>Ergo</span> <span class='ocrx_word' id='word_1_144' title='bbox 1087 1372 1266 1409; x_wconf 91' lang='lat' dir='ltr'>venditor</span> <span class='ocrx_word' id='word_1_145' title='bbox 1293 1383 1372 1408; x_wconf 90' lang='lat' dir='ltr'>non</span> <span class='ocrx_word' id='word_1_146' title='bbox 1400 1378 1452 1408; x_wconf 93' lang='lat' dir='ltr'>te-</span> 
     </span>
     <span class='ocr_line' id='line_1_28' title="bbox 386 1425 1068 1463; baseline -0.001 0"><span class='ocrx_word' id='word_1_147' title='bbox 386 1434 495 1463; x_wconf 90' lang='lat' dir='ltr'>netur</span> <span class='ocrx_word' id='word_1_148' title='bbox 523 1426 647 1462; x_wconf 85' lang='lat' dir='ltr'>dicere</span> <span class='ocrx_word' id='word_1_149' title='bbox 675 1426 766 1463; x_wconf 88' lang='lat' dir='ltr'>vitia</span> <span class='ocrx_word' id='word_1_150' title='bbox 796 1426 849 1462; x_wconf 91' lang='lat' dir='ltr'>rei</span> <span class='ocrx_word' id='word_1_151' title='bbox 876 1425 1068 1463; x_wconf 86' lang='lat' dir='ltr'>venditae.</span> 
     </span>
    </p>

    <p class='ocr_par' dir='ltr' id='par_1_13' title="bbox 384 1452 1454 1899">
     <span class='ocr_line' id='line_1_29' title="bbox 441 1452 1453 1527; baseline -0.003 -11"><span class='ocrx_word' id='word_1_152' title='bbox 441 1481 475 1516; x_wconf 88' lang='lat'>3.</span> <span class='ocrx_word' id='word_1_153' title='bbox 497 1479 736 1526; x_wconf 78' lang='lat' dir='ltr'>PRAETEREA,</span> <span class='ocrx_word' id='word_1_154' title='bbox 766 1479 887 1527; x_wconf 87' lang='lat' dir='ltr'>magis</span> <span class='ocrx_word' id='word_1_155' title='bbox 916 1479 1176 1516; x_wconf 90' lang='lat' dir='ltr'>necessarium</span> <span class='ocrx_word' id='word_1_156' title='bbox 1215 1485 1269 1515; x_wconf 91' lang='lat' dir='ltr'>est</span> <span class='ocrx_word' id='word_1_157' title='bbox 1305 1452 1453 1514; x_wconf 86' lang='lat' dir='ltr'>homini</span> 
     </span>
     <span class='ocr_line' id='line_1_30' title="bbox 386 1532 1454 1580; baseline -0.001 -12"><span class='ocrx_word' id='word_1_158' title='bbox 386 1540 426 1568; x_wconf 91' lang='lat' dir='ltr'>ut</span> <span class='ocrx_word' id='word_1_159' title='bbox 463 1539 668 1579; x_wconf 88' lang='lat' dir='ltr'>cognoscat</span> <span class='ocrx_word' id='word_1_160' title='bbox 703 1532 814 1569; x_wconf 87' lang='lat' dir='ltr'>viam</span> <span class='ocrx_word' id='word_1_161' title='bbox 845 1532 994 1569; x_wconf 85' lang='lat' dir='ltr'>virtutis</span> <span class='ocrx_word' id='word_1_162' title='bbox 1022 1544 1139 1580; x_wconf 92' lang='lat' dir='ltr'>quam</span> <span class='ocrx_word' id='word_1_163' title='bbox 1178 1539 1219 1568; x_wconf 91' lang='lat' dir='ltr'>ut</span> <span class='ocrx_word' id='word_1_164' title='bbox 1247 1539 1454 1578; x_wconf 87' lang='lat' dir='ltr'>cognoscat</span> 
     </span>
     <span class='ocr_line' id='line_1_31' title="bbox 384 1585 1453 1632; baseline -0.001 -11"><span class='ocrx_word' id='word_1_165' title='bbox 384 1585 476 1622; x_wconf 89' lang='lat' dir='ltr'>vitia</span> <span class='ocrx_word' id='word_1_166' title='bbox 504 1596 631 1621; x_wconf 90' lang='lat' dir='ltr'>rerum</span> <span class='ocrx_word' id='word_1_167' title='bbox 661 1597 759 1632; x_wconf 92' lang='lat' dir='ltr'>quae</span> <span class='ocrx_word' id='word_1_168' title='bbox 787 1585 1019 1622; x_wconf 87' lang='lat' dir='ltr'>venduntur.</span> <span class='ocrx_word' id='word_1_169' title='bbox 1050 1585 1128 1622; x_wconf 91' lang='lat' dir='ltr'>Sed</span> <span class='ocrx_word' id='word_1_170' title='bbox 1152 1585 1272 1622; x_wconf 89' lang='lat' dir='ltr'>homo</span> <span class='ocrx_word' id='word_1_171' title='bbox 1302 1596 1379 1621; x_wconf 90' lang='lat' dir='ltr'>non</span> <span class='ocrx_word' id='word_1_172' title='bbox 1401 1592 1453 1621; x_wconf 87' lang='lat' dir='ltr'>te-</span> 
     </span>
     <span class='ocr_line' id='line_1_32' title="bbox 385 1637 1453 1676; baseline -0.001 -2"><span class='ocrx_word' id='word_1_173' title='bbox 385 1646 495 1675; x_wconf 91' lang='lat' dir='ltr'>netur</span> <span class='ocrx_word' id='word_1_174' title='bbox 523 1638 675 1674; x_wconf 89' lang='lat' dir='ltr'>cuilibet</span> <span class='ocrx_word' id='word_1_175' title='bbox 694 1638 894 1675; x_wconf 90' lang='lat' dir='ltr'>consilium</span> <span class='ocrx_word' id='word_1_176' title='bbox 921 1639 1011 1675; x_wconf 91' lang='lat' dir='ltr'>dare</span> <span class='ocrx_word' id='word_1_177' title='bbox 1041 1646 1078 1675; x_wconf 90' lang='lat' dir='ltr'>et</span> <span class='ocrx_word' id='word_1_178' title='bbox 1101 1638 1300 1676; x_wconf 87' lang='lat' dir='ltr'>veritatem</span> <span class='ocrx_word' id='word_1_179' title='bbox 1328 1637 1453 1674; x_wconf 88' lang='lat' dir='ltr'>dicere</span> 
     </span>
     <span class='ocr_line' id='line_1_33' title="bbox 387 1690 1453 1740; baseline 0 -13"><span class='ocrx_word' id='word_1_180' title='bbox 387 1692 434 1728; x_wconf 92' lang='lat' dir='ltr'>de</span> <span class='ocrx_word' id='word_1_181' title='bbox 453 1691 511 1727; x_wconf 90' lang='lat' dir='ltr'>his</span> <span class='ocrx_word' id='word_1_182' title='bbox 531 1703 628 1740; x_wconf 87' lang='lat' dir='ltr'>quae</span> <span class='ocrx_word' id='word_1_183' title='bbox 657 1691 847 1739; x_wconf 87' lang='lat' dir='ltr'>pertinent</span> <span class='ocrx_word' id='word_1_184' title='bbox 867 1691 915 1728; x_wconf 84' lang='lat' dir='ltr'>ad</span> <span class='ocrx_word' id='word_1_185' title='bbox 934 1692 1135 1728; x_wconf 90' lang='lat' dir='ltr'>virtutem:</span> <span class='ocrx_word' id='word_1_186' title='bbox 1162 1690 1341 1740; x_wconf 90' lang='lat' dir='ltr'>quamvis</span> <span class='ocrx_word' id='word_1_187' title='bbox 1362 1691 1453 1727; x_wconf 90' lang='lat' dir='ltr'>nulli</span> 
     </span>
     <span class='ocr_line' id='line_1_34' title="bbox 386 1743 1454 1793; baseline -0.002 -11"><span class='ocrx_word' id='word_1_188' title='bbox 386 1745 524 1782; x_wconf 89' lang='lat' dir='ltr'>debeat</span> <span class='ocrx_word' id='word_1_189' title='bbox 552 1744 677 1780; x_wconf 90' lang='lat' dir='ltr'>dicere</span> <span class='ocrx_word' id='word_1_190' title='bbox 706 1745 918 1781; x_wconf 88' lang='lat' dir='ltr'>falsitatem.</span> <span class='ocrx_word' id='word_1_191' title='bbox 958 1746 1059 1793; x_wconf 88' lang='lat' dir='ltr'>Ergo</span> <span class='ocrx_word' id='word_1_192' title='bbox 1088 1746 1208 1782; x_wconf 89' lang='lat' dir='ltr'>multo</span> <span class='ocrx_word' id='word_1_193' title='bbox 1245 1743 1372 1780; x_wconf 91' lang='lat' dir='ltr'>minus</span> <span class='ocrx_word' id='word_1_194' title='bbox 1400 1752 1454 1780; x_wconf 92' lang='lat' dir='ltr'>te—</span> 
     </span>
     <span class='ocr_line' id='line_1_35' title="bbox 385 1797 1453 1845; baseline 0 -11"><span class='ocrx_word' id='word_1_195' title='bbox 385 1805 496 1835; x_wconf 93' lang='lat' dir='ltr'>netur</span> <span class='ocrx_word' id='word_1_196' title='bbox 529 1797 708 1834; x_wconf 91' lang='lat' dir='ltr'>venditor</span> <span class='ocrx_word' id='word_1_197' title='bbox 735 1798 824 1835; x_wconf 89' lang='lat' dir='ltr'>vitia</span> <span class='ocrx_word' id='word_1_198' title='bbox 860 1798 913 1834; x_wconf 92' lang='lat' dir='ltr'>rei</span> <span class='ocrx_word' id='word_1_199' title='bbox 943 1798 1122 1835; x_wconf 89' lang='lat' dir='ltr'>venditae</span> <span class='ocrx_word' id='word_1_200' title='bbox 1161 1797 1307 1841; x_wconf 87' lang='lat' dir='ltr'>dicere,</span> <span class='ocrx_word' id='word_1_201' title='bbox 1344 1797 1453 1845; x_wconf 88' lang='lat' dir='ltr'>quasi</span> 
     </span>
     <span class='ocr_line' id='line_1_36' title="bbox 386 1850 951 1899; baseline 0 -12"><span class='ocrx_word' id='word_1_202' title='bbox 386 1850 588 1887; x_wconf 88' lang='lat' dir='ltr'>consilium</span> <span class='ocrx_word' id='word_1_203' title='bbox 617 1851 744 1888; x_wconf 88' lang='lat' dir='ltr'>dando</span> <span class='ocrx_word' id='word_1_204' title='bbox 774 1851 951 1899; x_wconf 90' lang='lat' dir='ltr'>emptori.</span> 
     </span>
    </p>

    <p class='ocr_par' dir='ltr' id='par_1_14' title="bbox 383 1903 1454 2429">
     <span class='ocr_line' id='line_1_37' title="bbox 437 1903 1453 1953; baseline 0 -13"><span class='ocrx_word' id='word_1_205' title='bbox 437 1916 474 1950; x_wconf 91' lang='lat'>4.</span> <span class='ocrx_word' id='word_1_206' title='bbox 495 1905 729 1951; x_wconf 72' lang='lat' dir='ltr'>PRAETEREA,</span> <span class='ocrx_word' id='word_1_207' title='bbox 750 1904 781 1941; x_wconf 91' lang='lat' dir='ltr'>si</span> <span class='ocrx_word' id='word_1_208' title='bbox 809 1903 944 1953; x_wconf 86' lang='lat' dir='ltr'>aliquis</span> <span class='ocrx_word' id='word_1_209' title='bbox 982 1911 1154 1940; x_wconf 87' lang='lat' dir='ltr'>teneatur</span> <span class='ocrx_word' id='word_1_210' title='bbox 1188 1903 1313 1940; x_wconf 92' lang='lat' dir='ltr'>dicere</span> <span class='ocrx_word' id='word_1_211' title='bbox 1351 1904 1453 1940; x_wconf 83' lang='lat' dir='ltr'>defe-</span> 
     </span>
     <span class='ocr_line' id='line_1_38' title="bbox 385 1956 1454 2004; baseline -0.001 -10"><span class='ocrx_word' id='word_1_212' title='bbox 385 1966 488 1994; x_wconf 89' lang='lat' dir='ltr'>ctum</span> <span class='ocrx_word' id='word_1_213' title='bbox 519 1957 572 1993; x_wconf 91' lang='lat' dir='ltr'>rei</span> <span class='ocrx_word' id='word_1_214' title='bbox 601 1957 791 2004; x_wconf 88' lang='lat' dir='ltr'>venditae,</span> <span class='ocrx_word' id='word_1_215' title='bbox 811 1959 886 1994; x_wconf 90' lang='lat' dir='ltr'>hoc</span> <span class='ocrx_word' id='word_1_216' title='bbox 907 1969 984 1994; x_wconf 90' lang='lat' dir='ltr'>non</span> <span class='ocrx_word' id='word_1_217' title='bbox 1015 1964 1071 1993; x_wconf 91' lang='lat' dir='ltr'>est</span> <span class='ocrx_word' id='word_1_218' title='bbox 1094 1956 1165 1993; x_wconf 91' lang='lat' dir='ltr'>nisi</span> <span class='ocrx_word' id='word_1_219' title='bbox 1193 1964 1234 1993; x_wconf 94' lang='lat' dir='ltr'>ut</span> <span class='ocrx_word' id='word_1_220' title='bbox 1262 1956 1454 1993; x_wconf 90' lang='lat' dir='ltr'>minuatur</span> 
     </span>
     <span class='ocr_line' id='line_1_39' title="bbox 385 2010 1452 2068; baseline -0.001 -21"><span class='ocrx_word' id='word_1_221' title='bbox 385 2012 432 2048; x_wconf 91' lang='lat' dir='ltr'>de</span> <span class='ocrx_word' id='word_1_222' title='bbox 452 2010 585 2059; x_wconf 90' lang='lat' dir='ltr'>pretio.</span> <span class='ocrx_word' id='word_1_223' title='bbox 617 2011 693 2047; x_wconf 90' lang='lat' dir='ltr'>Sed</span> <span class='ocrx_word' id='word_1_224' title='bbox 719 2011 951 2068; x_wconf 86' lang='lat' dir='ltr'>quandoque</span> <span class='ocrx_word' id='word_1_225' title='bbox 972 2010 1246 2047; x_wconf 87' lang='lat' dir='ltr'>diminueretur</span> <span class='ocrx_word' id='word_1_226' title='bbox 1264 2011 1311 2047; x_wconf 93' lang='lat' dir='ltr'>de</span> <span class='ocrx_word' id='word_1_227' title='bbox 1330 2010 1452 2058; x_wconf 91' lang='lat' dir='ltr'>pretio</span> 
     </span>
     <span class='ocr_line' id='line_1_40' title="bbox 385 2055 1450 2123; baseline 0.001 -24"><span class='ocrx_word' id='word_1_228' title='bbox 385 2063 497 2100; x_wconf 89' lang='lat' dir='ltr'>etiarn</span> <span class='ocrx_word' id='word_1_229' title='bbox 519 2063 599 2100; x_wconf 87' lang='lat' dir='ltr'>sine</span> <span class='ocrx_word' id='word_1_230' title='bbox 615 2063 707 2100; x_wconf 88' lang='lat' dir='ltr'>vitio</span> <span class='ocrx_word' id='word_1_231' title='bbox 725 2063 778 2100; x_wconf 90' lang='lat' dir='ltr'>rei</span> <span class='ocrx_word' id='word_1_232' title='bbox 792 2055 984 2111; x_wconf 89' lang='lat' dir='ltr'>venditae,</span> <span class='ocrx_word' id='word_1_233' title='bbox 1000 2071 1158 2123; x_wconf 89' lang='lat' dir='ltr'>propter</span> <span class='ocrx_word' id='word_1_234' title='bbox 1172 2063 1313 2112; x_wconf 89' lang='lat' dir='ltr'>aliquid</span> <span class='ocrx_word' id='word_1_235' title='bbox 1328 2063 1450 2100; x_wconf 85' lang='lat' dir='ltr'>aliud:</span> 
     </span>
     <span class='ocr_line' id='line_1_41' title="bbox 383 2116 1452 2166; baseline 0 -14"><span class='ocrx_word' id='word_1_236' title='bbox 383 2125 474 2166; x_wconf 91' lang='lat' dir='ltr'>puta</span> <span class='ocrx_word' id='word_1_237' title='bbox 502 2117 531 2152; x_wconf 91' lang='lat' dir='ltr'>si</span> <span class='ocrx_word' id='word_1_238' title='bbox 560 2116 736 2153; x_wconf 91' lang='lat' dir='ltr'>venditor</span> <span class='ocrx_word' id='word_1_239' title='bbox 765 2117 939 2154; x_wconf 87' lang='lat' dir='ltr'>deferens</span> <span class='ocrx_word' id='word_1_240' title='bbox 968 2117 1133 2154; x_wconf 91' lang='lat' dir='ltr'>triticum</span> <span class='ocrx_word' id='word_1_241' title='bbox 1156 2117 1205 2153; x_wconf 88' lang='lat' dir='ltr'>ad</span> <span class='ocrx_word' id='word_1_242' title='bbox 1234 2117 1362 2153; x_wconf 90' lang='lat' dir='ltr'>locum</span> <span class='ocrx_word' id='word_1_243' title='bbox 1387 2117 1452 2153; x_wconf 90' lang='lat' dir='ltr'>ubi</span> 
     </span>
     <span class='ocr_line' id='line_1_42' title="bbox 384 2168 1452 2218; baseline 0 -12"><span class='ocrx_word' id='word_1_244' title='bbox 384 2178 439 2206; x_wconf 87' lang='lat' dir='ltr'>est</span> <span class='ocrx_word' id='word_1_245' title='bbox 468 2169 625 2206; x_wconf 89' lang='lat' dir='ltr'>carestia</span> <span class='ocrx_word' id='word_1_246' title='bbox 654 2170 844 2217; x_wconf 85' lang='lat' dir='ltr'>frumenti,</span> <span class='ocrx_word' id='word_1_247' title='bbox 865 2171 958 2207; x_wconf 87' lang='lat' dir='ltr'>sciat</span> <span class='ocrx_word' id='word_1_248' title='bbox 985 2171 1127 2207; x_wconf 90' lang='lat' dir='ltr'>multos</span> <span class='ocrx_word' id='word_1_249' title='bbox 1149 2182 1264 2218; x_wconf 89' lang='lat' dir='ltr'>posse</span> <span class='ocrx_word' id='word_1_250' title='bbox 1283 2168 1299 2199; x_wconf 69' lang='grc' dir='ltr'><strong>β</strong></span> <span class='ocrx_word' id='word_1_251' title='bbox 1321 2170 1452 2206; x_wconf 90' lang='lat' dir='ltr'>venire</span> 
     </span>
     <span class='ocr_line' id='line_1_43' title="bbox 384 2222 1452 2271; baseline 0 -12"><span class='ocrx_word' id='word_1_252' title='bbox 384 2223 448 2270; x_wconf 90' lang='lat' dir='ltr'>qui</span> <span class='ocrx_word' id='word_1_253' title='bbox 478 2223 664 2268; x_wconf 83' lang='lat' dir='ltr'>deferant;</span> <span class='ocrx_word' id='word_1_254' title='bbox 695 2224 800 2271; x_wconf 93' lang='lat' dir='ltr'>quod</span> <span class='ocrx_word' id='word_1_255' title='bbox 821 2224 851 2260; x_wconf 92' lang='lat' dir='ltr'>si</span> <span class='ocrx_word' id='word_1_256' title='bbox 880 2224 1037 2261; x_wconf 90' lang='lat' dir='ltr'>sciretur</span> <span class='ocrx_word' id='word_1_257' title='bbox 1057 2225 1105 2261; x_wconf 91' lang='lat' dir='ltr'>ab</span> <span class='ocrx_word' id='word_1_258' title='bbox 1135 2222 1361 2270; x_wconf 89' lang='lat' dir='ltr'>ementibus,</span> <span class='ocrx_word' id='word_1_259' title='bbox 1383 2223 1452 2260; x_wconf 92' lang='lat' dir='ltr'>mi-</span> 
     </span>
     <span class='ocr_line' id='line_1_44' title="bbox 384 2276 1452 2325; baseline 0 -12"><span class='ocrx_word' id='word_1_260' title='bbox 384 2289 454 2313; x_wconf 90' lang='lat' dir='ltr'>nus</span> <span class='ocrx_word' id='word_1_261' title='bbox 474 2276 637 2324; x_wconf 89' lang='lat' dir='ltr'>pretium</span> <span class='ocrx_word' id='word_1_262' title='bbox 659 2277 802 2313; x_wconf 88' lang='lat' dir='ltr'>darent.</span> <span class='ocrx_word' id='word_1_263' title='bbox 834 2277 1067 2314; x_wconf 88' lang='lat' dir='ltr'>Huiusmodi</span> <span class='ocrx_word' id='word_1_264' title='bbox 1088 2284 1215 2314; x_wconf 86' lang='lat' dir='ltr'>autern</span> <span class='ocrx_word' id='word_1_265' title='bbox 1239 2289 1317 2313; x_wconf 93' lang='lat' dir='ltr'>non</span> <span class='ocrx_word' id='word_1_266' title='bbox 1338 2288 1452 2325; x_wconf 89' lang='lat' dir='ltr'>opor-</span> 
     </span>
     <span class='ocr_line' id='line_1_45' title="bbox 383 2330 1452 2378; baseline 0 -12"><span class='ocrx_word' id='word_1_267' title='bbox 383 2338 434 2366; x_wconf 87' lang='lat' dir='ltr'>tet</span> <span class='ocrx_word' id='word_1_268' title='bbox 463 2330 587 2365; x_wconf 87' lang='lat' dir='ltr'>dicere</span> <span class='ocrx_word' id='word_1_269' title='bbox 616 2330 870 2376; x_wconf 85' lang='lat' dir='ltr'>venditorem,</span> <span class='ocrx_word' id='word_1_270' title='bbox 892 2339 933 2367; x_wconf 93' lang='lat' dir='ltr'>ut</span> <span class='ocrx_word' id='word_1_271' title='bbox 960 2330 1122 2367; x_wconf 87' lang='lat' dir='ltr'>videtur.</span> <span class='ocrx_word' id='word_1_272' title='bbox 1154 2330 1268 2377; x_wconf 88' lang='lat' dir='ltr'>Ergo,</span> <span class='ocrx_word' id='word_1_273' title='bbox 1290 2330 1371 2378; x_wconf 90' lang='lat' dir='ltr'>pari</span> <span class='ocrx_word' id='word_1_274' title='bbox 1397 2342 1452 2366; x_wconf 88' lang='lat' dir='ltr'>ra-</span> 
     </span>
     <span class='ocr_line' id='line_1_46' title="bbox 383 2383 1007 2429; baseline 0.003 -11"><span class='ocrx_word' id='word_1_275' title='bbox 383 2383 498 2429; x_wconf 90' lang='lat' dir='ltr'>tione,</span> <span class='ocrx_word' id='word_1_276' title='bbox 520 2394 591 2418; x_wconf 88' lang='lat' dir='ltr'>nec</span> <span class='ocrx_word' id='word_1_277' title='bbox 619 2383 710 2419; x_wconf 90' lang='lat' dir='ltr'>vitia</span> <span class='ocrx_word' id='word_1_278' title='bbox 738 2383 791 2419; x_wconf 88' lang='lat' dir='ltr'>rei</span> <span class='ocrx_word' id='word_1_279' title='bbox 818 2383 1007 2420; x_wconf 88' lang='lat' dir='ltr'>venditae.</span> 
     </span>
    </p>

    <p class='ocr_par' dir='ltr' id='par_1_15' title="bbox 384 2435 1451 2685">
     <span class='ocr_line' id='line_1_47' title="bbox 439 2435 1449 2485; baseline 0 -14"><span class='ocrx_word' id='word_1_280' title='bbox 439 2436 512 2471; x_wconf 83' lang='lat' dir='ltr'>SED</span> <span class='ocrx_word' id='word_1_281' title='bbox 542 2447 688 2472; x_wconf 79' lang='lat' dir='ltr'><strong>CONTRA</strong></span> <span class='ocrx_word' id='word_1_282' title='bbox 716 2448 781 2472; x_wconf 82' lang='lat' dir='ltr'>EST</span> <span class='ocrx_word' id='word_1_283' title='bbox 809 2437 915 2485; x_wconf 91' lang='lat' dir='ltr'>quod</span> <span class='ocrx_word' id='word_1_284' title='bbox 943 2435 1172 2472; x_wconf 91' lang='lat' dir='ltr'>Ambrosius</span> <span class='ocrx_word' id='word_1_285' title='bbox 1202 2435 1306 2482; x_wconf 87' lang='lat' dir='ltr'>dicit,</span> <span class='ocrx_word' id='word_1_286' title='bbox 1333 2435 1370 2471; x_wconf 91' lang='lat' dir='ltr'>in</span> <span class='ocrx_word' id='word_1_287' title='bbox 1401 2437 1449 2471; x_wconf 92' lang='lat' dir='ltr'>Ill</span> 
     </span>
     <span class='ocr_line' id='line_1_48' title="bbox 384 2487 1451 2536; baseline 0 -12"><span class='ocrx_word' id='word_1_288' title='bbox 384 2489 430 2525; x_wconf 88' lang='lat' dir='ltr'>de</span> <span class='ocrx_word' id='word_1_289' title='bbox 462 2488 569 2536; x_wconf 88' lang='lat' dir='ltr'>Offic.</span> <span class='ocrx_word' id='word_1_290' title='bbox 590 2487 630 2524; x_wconf 69' lang='grc' dir='ltr'>*ε</span> <span class='ocrx_word' id='word_1_291' title='bbox 659 2490 704 2525; x_wconf 94' lang='lat' dir='ltr'>In</span> <span class='ocrx_word' id='word_1_292' title='bbox 725 2490 977 2526; x_wconf 76' lang='lat' dir='ltr'>contractibus</span> <span class='ocrx_word' id='word_1_293' title='bbox 1003 2489 1094 2526; x_wconf 75' lang='lat' dir='ltr'>vitia</span> <span class='ocrx_word' id='word_1_294' title='bbox 1114 2500 1246 2524; x_wconf 88' lang='lat' dir='ltr'>eorum</span> <span class='ocrx_word' id='word_1_295' title='bbox 1275 2499 1372 2536; x_wconf 88' lang='lat' dir='ltr'>quae</span> <span class='ocrx_word' id='word_1_296' title='bbox 1391 2500 1451 2524; x_wconf 81' lang='lat' dir='ltr'>ve-</span> 
     </span>
     <span class='ocr_line' id='line_1_49' title="bbox 386 2541 1451 2589; baseline 0 -12"><span class='ocrx_word' id='word_1_297' title='bbox 386 2547 501 2578; x_wconf 87' lang='lat' dir='ltr'>neunt</span> <span class='ocrx_word' id='word_1_298' title='bbox 521 2542 636 2589; x_wconf 85' lang='lat' dir='ltr'>prodi</span> <span class='ocrx_word' id='word_1_299' title='bbox 663 2543 857 2578; x_wconf 83' lang='lat' dir='ltr'>iubentur:</span> <span class='ocrx_word' id='word_1_300' title='bbox 886 2554 932 2579; x_wconf 88' lang='lat' dir='ltr'>ac</span> <span class='ocrx_word' id='word_1_301' title='bbox 960 2542 1032 2578; x_wconf 85' lang='lat' dir='ltr'>nisi</span> <span class='ocrx_word' id='word_1_302' title='bbox 1067 2541 1295 2578; x_wconf 80' lang='lat' dir='ltr'>intimaverit</span> <span class='ocrx_word' id='word_1_303' title='bbox 1326 2541 1451 2577; x_wconf 80' lang='lat' dir='ltr'>vendi-</span> 
     </span>
     <span class='ocr_line' id='line_1_50' title="bbox 385 2594 1451 2644; baseline 0 -14"><span class='ocrx_word' id='word_1_304' title='bbox 385 2601 454 2639; x_wconf 87' lang='lat' dir='ltr'>tor,</span> <span class='ocrx_word' id='word_1_305' title='bbox 466 2595 638 2641; x_wconf 77' lang='lat' dir='ltr'>quamvis</span> <span class='ocrx_word' id='word_1_306' title='bbox 653 2595 689 2631; x_wconf 91' lang='lat' dir='ltr'>in</span> <span class='ocrx_word' id='word_1_307' title='bbox 707 2595 763 2631; x_wconf 87' lang='lat' dir='ltr'>ius</span> <span class='ocrx_word' id='word_1_308' title='bbox 778 2596 954 2644; x_wconf 81' lang='lat' dir='ltr'>emptoris</span> <span class='ocrx_word' id='word_1_309' title='bbox 970 2595 1197 2640; x_wconf 81' lang='lat' dir='ltr'>transierint,</span> <span class='ocrx_word' id='word_1_310' title='bbox 1213 2594 1291 2630; x_wconf 86' lang='lat' dir='ltr'>doli</span> <span class='ocrx_word' id='word_1_311' title='bbox 1303 2594 1451 2631; x_wconf 89' lang='lat' dir='ltr'>actione</span> 
     </span>
     <span class='ocr_line' id='line_1_51' title="bbox 385 2653 608 2685; baseline -0.004 0"><span class='ocrx_word' id='word_1_312' title='bbox 385 2653 608 2685; x_wconf 73' lang='lat' dir='ltr'>vacuantur.</span> 
     </span>
    </p>

    <p class='ocr_par' dir='ltr' id='par_1_16' title="bbox 386 2699 1452 3278">
     <span class='ocr_line' id='line_1_52' title="bbox 439 2699 1452 2749; baseline -0.001 -12"><span class='ocrx_word' id='word_1_313' title='bbox 439 2701 664 2737; x_wconf 80' lang='lat' dir='ltr'>RESPONDEO</span> <span class='ocrx_word' id='word_1_314' title='bbox 693 2712 878 2738; x_wconf 70' lang='lat' dir='ltr'>Diei-:unum</span> <span class='ocrx_word' id='word_1_315' title='bbox 898 2700 1003 2749; x_wconf 90' lang='lat' dir='ltr'>quod</span> <span class='ocrx_word' id='word_1_316' title='bbox 1028 2701 1117 2737; x_wconf 91' lang='lat' dir='ltr'>dare</span> <span class='ocrx_word' id='word_1_317' title='bbox 1145 2699 1256 2736; x_wconf 92' lang='lat' dir='ltr'>alicui</span> <span class='ocrx_word' id='word_1_318' title='bbox 1284 2699 1452 2736; x_wconf 88' lang='lat' dir='ltr'>occasio-</span> 
     </span>
     <span class='ocr_line' id='line_1_53' title="bbox 387 2752 1449 2802; baseline 0 -12"><span class='ocrx_word' id='word_1_319' title='bbox 387 2766 476 2791; x_wconf 91' lang='lat' dir='ltr'>nem</span> <span class='ocrx_word' id='word_1_320' title='bbox 518 2753 675 2802; x_wconf 89' lang='lat' dir='ltr'>periculi</span> <span class='ocrx_word' id='word_1_321' title='bbox 710 2754 772 2790; x_wconf 88' lang='lat' dir='ltr'>vel</span> <span class='ocrx_word' id='word_1_322' title='bbox 810 2754 940 2791; x_wconf 90' lang='lat' dir='ltr'>damni</span> <span class='ocrx_word' id='word_1_323' title='bbox 977 2765 1130 2801; x_wconf 90' lang='lat' dir='ltr'>semper</span> <span class='ocrx_word' id='word_1_324' title='bbox 1167 2760 1222 2789; x_wconf 91' lang='lat' dir='ltr'>est</span> <span class='ocrx_word' id='word_1_325' title='bbox 1258 2752 1449 2790; x_wconf 89' lang='lat' dir='ltr'>illicitum:</span> 
     </span>
     <span class='ocr_line' id='line_1_54' title="bbox 386 2806 1451 2855; baseline -0.001 -12"><span class='ocrx_word' id='word_1_326' title='bbox 386 2807 563 2855; x_wconf 87' lang='lat' dir='ltr'>quamvis</span> <span class='ocrx_word' id='word_1_327' title='bbox 592 2819 670 2843; x_wconf 92' lang='lat' dir='ltr'>non</span> <span class='ocrx_word' id='word_1_328' title='bbox 698 2807 743 2843; x_wconf 88' lang='lat' dir='ltr'>sit</span> <span class='ocrx_word' id='word_1_329' title='bbox 770 2806 1026 2844; x_wconf 89' lang='lat' dir='ltr'>necessarium</span> <span class='ocrx_word' id='word_1_330' title='bbox 1065 2806 1169 2854; x_wconf 93' lang='lat' dir='ltr'>quod</span> <span class='ocrx_word' id='word_1_331' title='bbox 1197 2806 1317 2842; x_wconf 90' lang='lat' dir='ltr'>homo</span> <span class='ocrx_word' id='word_1_332' title='bbox 1346 2806 1451 2842; x_wconf 90' lang='lat' dir='ltr'>alteri</span> 
     </span>
     <span class='ocr_line' id='line_1_55' title="bbox 387 2859 1450 2908; baseline -0.001 -12"><span class='ocrx_word' id='word_1_333' title='bbox 387 2872 540 2908; x_wconf 88' lang='lat' dir='ltr'>semper</span> <span class='ocrx_word' id='word_1_334' title='bbox 568 2860 629 2896; x_wconf 91' lang='lat' dir='ltr'>det</span> <span class='ocrx_word' id='word_1_335' title='bbox 658 2859 835 2897; x_wconf 82' lang='lat' dir='ltr'>auxilium</span> <span class='ocrx_word' id='word_1_336' title='bbox 863 2861 926 2896; x_wconf 92' lang='lat' dir='ltr'>vel</span> <span class='ocrx_word' id='word_1_337' title='bbox 955 2859 1152 2896; x_wconf 89' lang='lat' dir='ltr'>consilium</span> <span class='ocrx_word' id='word_1_338' title='bbox 1180 2859 1373 2908; x_wconf 89' lang='lat' dir='ltr'>pertinens</span> <span class='ocrx_word' id='word_1_339' title='bbox 1402 2860 1450 2896; x_wconf 91' lang='lat' dir='ltr'>ad</span> 
     </span>
     <span class='ocr_line' id='line_1_56' title="bbox 387 2912 1451 2962; baseline -0.001 -13"><span class='ocrx_word' id='word_1_340' title='bbox 387 2913 468 2950; x_wconf 91' lang='lat' dir='ltr'>eius</span> <span class='ocrx_word' id='word_1_341' title='bbox 497 2914 818 2961; x_wconf 87' lang='lat' dir='ltr'>qualemcumque</span> <span class='ocrx_word' id='word_1_342' title='bbox 846 2912 1133 2962; x_wconf 89' lang='lat' dir='ltr'>promotionem</span> <span class='ocrx_word' id='word_1_343' title='bbox 1154 2917 1180 2958; x_wconf 70' lang='grc' dir='ltr'>Υ,</span> <span class='ocrx_word' id='word_1_344' title='bbox 1202 2913 1269 2949; x_wconf 91' lang='lat' dir='ltr'>sed</span> <span class='ocrx_word' id='word_1_345' title='bbox 1288 2912 1363 2948; x_wconf 90' lang='lat' dir='ltr'>hoc</span> <span class='ocrx_word' id='word_1_346' title='bbox 1391 2924 1451 2948; x_wconf 91' lang='lat' dir='ltr'>so-</span> 
     </span>
     <span class='ocr_line' id='line_1_57' title="bbox 386 2965 1449 3014; baseline 0 -12"><span class='ocrx_word' id='word_1_347' title='bbox 386 2967 466 3003; x_wconf 89' lang='lat' dir='ltr'>lum</span> <span class='ocrx_word' id='word_1_348' title='bbox 497 2974 550 3002; x_wconf 90' lang='lat' dir='ltr'>est</span> <span class='ocrx_word' id='word_1_349' title='bbox 579 2966 834 3003; x_wconf 89' lang='lat' dir='ltr'>necessarium</span> <span class='ocrx_word' id='word_1_350' title='bbox 853 2966 890 3003; x_wconf 91' lang='lat' dir='ltr'>in</span> <span class='ocrx_word' id='word_1_351' title='bbox 920 2966 1046 3014; x_wconf 88' lang='lat' dir='ltr'>aliquo</span> <span class='ocrx_word' id='word_1_352' title='bbox 1068 2978 1157 3002; x_wconf 91' lang='lat' dir='ltr'>casu</span> <span class='ocrx_word' id='word_1_353' title='bbox 1187 2965 1449 3012; x_wconf 87' lang='lat' dir='ltr'>determinato,</span> 
     </span>
     <span class='ocr_line' id='line_1_58' title="bbox 388 3016 1449 3067; baseline 0 -12"><span class='ocrx_word' id='word_1_354' title='bbox 388 3028 478 3067; x_wconf 89' lang='lat' dir='ltr'>puta</span> <span class='ocrx_word' id='word_1_355' title='bbox 507 3031 594 3055; x_wconf 91' lang='lat' dir='ltr'>cum</span> <span class='ocrx_word' id='word_1_356' title='bbox 633 3019 727 3055; x_wconf 90' lang='lat' dir='ltr'>alius</span> <span class='ocrx_word' id='word_1_357' title='bbox 756 3019 835 3056; x_wconf 91' lang='lat' dir='ltr'>eius</span> <span class='ocrx_word' id='word_1_358' title='bbox 864 3032 977 3056; x_wconf 92' lang='lat' dir='ltr'>curae</span> <span class='ocrx_word' id='word_1_359' title='bbox 1011 3019 1194 3056; x_wconf 91' lang='lat' dir='ltr'>subdatur</span> <span class='ocrx_word' id='word_1_360' title='bbox 1213 3016 1245 3064; x_wconf 72' lang='grc' dir='ltr'>δ,</span> <span class='ocrx_word' id='word_1_361' title='bbox 1269 3019 1333 3055; x_wconf 89' lang='lat' dir='ltr'>vel</span> <span class='ocrx_word' id='word_1_362' title='bbox 1361 3030 1449 3055; x_wconf 87' lang='lat' dir='ltr'>curn</span> 
     </span>
     <span class='ocr_line' id='line_1_59' title="bbox 389 3071 1449 3122; baseline 0 -14"><span class='ocrx_word' id='word_1_363' title='bbox 389 3084 466 3108; x_wconf 91' lang='lat' dir='ltr'>non</span> <span class='ocrx_word' id='word_1_364' title='bbox 494 3079 619 3119; x_wconf 90' lang='lat' dir='ltr'>potest</span> <span class='ocrx_word' id='word_1_365' title='bbox 647 3072 680 3108; x_wconf 90' lang='lat' dir='ltr'>ei</span> <span class='ocrx_word' id='word_1_366' title='bbox 709 3084 776 3120; x_wconf 92' lang='lat' dir='ltr'>per</span> <span class='ocrx_word' id='word_1_367' title='bbox 804 3072 918 3108; x_wconf 88' lang='lat' dir='ltr'>alium</span> <span class='ocrx_word' id='word_1_368' title='bbox 949 3071 1153 3109; x_wconf 91' lang='lat' dir='ltr'>subveniri.</span> <span class='ocrx_word' id='word_1_369' title='bbox 1173 3071 1358 3122; x_wconf 90' lang='lat' dir='ltr'>Venditor</span> <span class='ocrx_word' id='word_1_370' title='bbox 1385 3083 1449 3108; x_wconf 90' lang='lat' dir='ltr'>au—</span> 
     </span>
     <span class='ocr_line' id='line_1_60' title="bbox 388 3123 1449 3173; baseline -0.001 -12"><span class='ocrx_word' id='word_1_371' title='bbox 388 3132 477 3171; x_wconf 85' lang='lat' dir='ltr'>tem,</span> <span class='ocrx_word' id='word_1_372' title='bbox 501 3125 563 3172; x_wconf 91' lang='lat' dir='ltr'>qui</span> <span class='ocrx_word' id='word_1_373' title='bbox 594 3136 673 3161; x_wconf 90' lang='lat' dir='ltr'>rem</span> <span class='ocrx_word' id='word_1_374' title='bbox 701 3125 945 3162; x_wconf 90' lang='lat' dir='ltr'>vendendam</span> <span class='ocrx_word' id='word_1_375' title='bbox 974 3124 1164 3173; x_wconf 85' lang='lat' dir='ltr'>proponit,</span> <span class='ocrx_word' id='word_1_376' title='bbox 1193 3136 1236 3160; x_wconf 87' lang='lat' dir='ltr'>ex</span> <span class='ocrx_word' id='word_1_377' title='bbox 1264 3125 1339 3160; x_wconf 90' lang='lat' dir='ltr'>hoc</span> <span class='ocrx_word' id='word_1_378' title='bbox 1366 3123 1449 3172; x_wconf 89' lang='lat' dir='ltr'>ipso</span> 
     </span>
     <span class='ocr_line' id='line_1_61' title="bbox 390 3177 1450 3237; baseline 0 -24"><span class='ocrx_word' id='word_1_379' title='bbox 390 3178 453 3214; x_wconf 91' lang='lat' dir='ltr'>dat</span> <span class='ocrx_word' id='word_1_380' title='bbox 481 3177 643 3236; x_wconf 82' lang='lat' dir='ltr'>emptori</span> <span class='ocrx_word' id='word_1_381' title='bbox 664 3177 793 3214; x_wconf 89' lang='lat' dir='ltr'>damni</span> <span class='ocrx_word' id='word_1_382' title='bbox 816 3178 877 3214; x_wconf 85' lang='lat' dir='ltr'>vel</span> <span class='ocrx_word' id='word_1_383' title='bbox 897 3177 1052 3237; x_wconf 79' lang='lat' dir='ltr'>periculi</span> <span class='ocrx_word' id='word_1_384' title='bbox 1081 3177 1324 3213; x_wconf 90' lang='lat' dir='ltr'>occasionem</span> <span class='ocrx_word' id='word_1_385' title='bbox 1345 3177 1450 3224; x_wconf 92' lang='lat' dir='ltr'>quod</span> 
     </span>
     <span class='ocr_line' id='line_1_62' title="bbox 390 3229 1449 3278; baseline -0.001 -12"><span class='ocrx_word' id='word_1_386' title='bbox 390 3243 470 3267; x_wconf 91' lang='lat' dir='ltr'>rem</span> <span class='ocrx_word' id='word_1_387' title='bbox 500 3230 675 3267; x_wconf 85' lang='lat' dir='ltr'>vitiosam</span> <span class='ocrx_word' id='word_1_388' title='bbox 706 3230 740 3266; x_wconf 91' lang='lat' dir='ltr'>ei</span> <span class='ocrx_word' id='word_1_389' title='bbox 769 3230 890 3278; x_wconf 85' lang='lat' dir='ltr'>offert,</span> <span class='ocrx_word' id='word_1_390' title='bbox 911 3230 941 3267; x_wconf 89' lang='lat' dir='ltr'>si</span> <span class='ocrx_word' id='word_1_391' title='bbox 970 3243 1014 3266; x_wconf 87' lang='lat' dir='ltr'>ex</span> <span class='ocrx_word' id='word_1_392' title='bbox 1044 3230 1123 3266; x_wconf 91' lang='lat' dir='ltr'>eius</span> <span class='ocrx_word' id='word_1_393' title='bbox 1148 3229 1239 3266; x_wconf 89' lang='lat' dir='ltr'>vitio</span> <span class='ocrx_word' id='word_1_394' title='bbox 1265 3230 1449 3266; x_wconf 90' lang='lat' dir='ltr'>damnum</span> 
     </span>
    </p>
   </div>
   <div class='ocr_carea' id='block_1_11' title="bbox 443 3343 1142 3586">
    <p class='ocr_par' dir='ltr' id='par_1_17' title="bbox 444 3343 782 3371">
     <span class='ocr_line' id='line_1_63' title="bbox 444 3343 782 3371; baseline 0 -4"><span class='ocrx_word' id='word_1_395' title='bbox 444 3346 469 3371; x_wconf 80' lang='grc' dir='ltr'>α)</span> <span class='ocrx_word' id='word_1_396' title='bbox 491 3347 519 3367; x_wconf 88' lang='lat' dir='ltr'>ut</span> <span class='ocrx_word' id='word_1_397' title='bbox 538 3343 615 3367; x_wconf 84' lang='lat' dir='ltr'>enim.</span> <span class='ocrx_word' id='word_1_398' title='bbox 627 3357 645 3362; x_wconf 92' lang='lat'><em>-</em></span> <span class='ocrx_word' id='word_1_399' title='bbox 664 3343 734 3367; x_wconf 87' lang='lat' dir='ltr'>unde</span> <span class='ocrx_word' id='word_1_400' title='bbox 752 3343 782 3367; x_wconf 87' lang='grc' dir='ltr'>Ρ.</span> 
     </span>
    </p>

    <p class='ocr_par' dir='ltr' id='par_1_18' title="bbox 444 3377 831 3410">
     <span class='ocr_line' id='line_1_64' title="bbox 444 3377 831 3410; baseline -0.003 -7"><span class='ocrx_word' id='word_1_401' title='bbox 444 3377 468 3410; x_wconf 71' lang='grc'>,3)</span> <span class='ocrx_word' id='word_1_402' title='bbox 484 3385 572 3410; x_wconf 78' lang='lat' dir='ltr'>posse.</span> <span class='ocrx_word' id='word_1_403' title='bbox 584 3391 604 3397; x_wconf 87' lang='lat'>·-</span> <span class='ocrx_word' id='word_1_404' title='bbox 613 3381 677 3409; x_wconf 79' lang='lat' dir='ltr'>post</span> <span class='ocrx_word' id='word_1_405' title='bbox 696 3385 723 3402; x_wconf 89' lang='lat' dir='ltr'>se</span> <span class='ocrx_word' id='word_1_406' title='bbox 742 3378 831 3402; x_wconf 75' lang='lat' dir='ltr'>HsDx.</span> 
     </span>
    </p>

    <p class='ocr_par' dir='ltr' id='par_1_19' title="bbox 443 3413 1142 3479">
     <span class='ocr_line' id='line_1_65' title="bbox 443 3413 1142 3445; baseline -0.001 -7"><span class='ocrx_word' id='word_1_407' title='bbox 443 3415 470 3445; x_wconf 80' lang='grc' dir='ltr'>γ)</span> <span class='ocrx_word' id='word_1_408' title='bbox 484 3414 689 3445; x_wconf 82' lang='lat' dir='ltr'>promotionem.</span> <span class='ocrx_word' id='word_1_409' title='bbox 703 3427 720 3432; x_wconf 95' lang='lat'>—</span> <span class='ocrx_word' id='word_1_410' title='bbox 734 3413 954 3445; x_wconf 82' lang='lat' dir='ltr'>provocationem</span> <span class='ocrx_word' id='word_1_411' title='bbox 974 3413 1142 3445; x_wconf 74' lang='lat' dir='ltr'>ACEFIpr.</span> 
     </span>
     <span class='ocr_line' id='line_1_66' title="bbox 444 3447 904 3479; baseline 0.002 -7"><span class='ocrx_word' id='word_1_412' title='bbox 444 3447 467 3479; x_wconf 75' lang='grc' dir='ltr'>δ)</span> <span class='ocrx_word' id='word_1_413' title='bbox 489 3449 628 3473; x_wconf 81' lang='lat' dir='ltr'>subdatur.</span> <span class='ocrx_word' id='word_1_414' title='bbox 639 3462 658 3467; x_wconf 85' lang='lat'><em>-</em></span> <span class='ocrx_word' id='word_1_415' title='bbox 676 3449 798 3473; x_wconf 81' lang='lat' dir='ltr'>subditur</span> <span class='ocrx_word' id='word_1_416' title='bbox 816 3449 904 3473; x_wconf 80' lang='lat' dir='ltr'>AEDI.</span> 
     </span>
    </p>

    <p class='ocr_par' dir='ltr' id='par_1_20' title="bbox 445 3484 1001 3516">
     <span class='ocr_line' id='line_1_67' title="bbox 445 3484 1001 3516; baseline 0 -8"><span class='ocrx_word' id='word_1_417' title='bbox 445 3484 465 3514; x_wconf 83' lang='grc' dir='ltr'>ε)</span> <span class='ocrx_word' id='word_1_418' title='bbox 485 3491 544 3508; x_wconf 87' lang='lat' dir='ltr'>cum</span> <span class='ocrx_word' id='word_1_419' title='bbox 564 3491 645 3516; x_wconf 85' lang='lat' dir='ltr'>equus</span> <span class='ocrx_word' id='word_1_420' title='bbox 663 3487 711 3508; x_wconf 83' lang='lat' dir='ltr'>est.</span> <span class='ocrx_word' id='word_1_421' title='bbox 723 3497 742 3503; x_wconf 94' lang='lat'>-</span> <span class='ocrx_word' id='word_1_422' title='bbox 760 3484 784 3508; x_wconf 87' lang='lat' dir='ltr'>si</span> <span class='ocrx_word' id='word_1_423' title='bbox 802 3491 882 3515; x_wconf 85' lang='lat' dir='ltr'>equus</span> <span class='ocrx_word' id='word_1_424' title='bbox 901 3484 935 3508; x_wconf 80' lang='lat' dir='ltr'>sit</span> <span class='ocrx_word' id='word_1_425' title='bbox 955 3484 1001 3508; x_wconf 80' lang='grc' dir='ltr'>Ρα.</span> 
     </span>
    </p>

    <p class='ocr_par' dir='ltr' id='par_1_21' title="bbox 443 3519 679 3551">
     <span class='ocr_line' id='line_1_68' title="bbox 443 3519 679 3551; baseline -0.004 -8"><span class='ocrx_word' id='word_1_426' title='bbox 443 3519 468 3551; x_wconf 78' lang='grc' dir='ltr'>ζ)</span> <span class='ocrx_word' id='word_1_427' title='bbox 487 3519 519 3543; x_wconf 85' lang='lat' dir='ltr'>si.</span> <span class='ocrx_word' id='word_1_428' title='bbox 533 3533 550 3537; x_wconf 98' lang='lat'>-</span> <span class='ocrx_word' id='word_1_429' title='bbox 569 3519 629 3543; x_wconf 89' lang='lat' dir='ltr'>Om.</span> <span class='ocrx_word' id='word_1_430' title='bbox 651 3519 679 3543; x_wconf 87' lang='grc' dir='ltr'>Ρ.</span> 
     </span>
    </p>

    <p class='ocr_par' dir='ltr' id='par_1_22' title="bbox 445 3554 1075 3586">
     <span class='ocr_line' id='line_1_69' title="bbox 445 3554 1075 3586; baseline -0.002 -8"><span class='ocrx_word' id='word_1_431' title='bbox 445 3555 470 3586; x_wconf 90' lang='grc' dir='ltr'>η)</span> <span class='ocrx_word' id='word_1_432' title='bbox 491 3561 565 3586; x_wconf 75' lang='lat' dir='ltr'>quae.</span> <span class='ocrx_word' id='word_1_433' title='bbox 579 3568 595 3573; x_wconf 91' lang='lat'>—</span> <span class='ocrx_word' id='word_1_434' title='bbox 615 3554 685 3586; x_wconf 81' lang='lat' dir='ltr'>quod</span> <span class='ocrx_word' id='word_1_435' title='bbox 705 3554 756 3583; x_wconf 64' lang='lat' dir='ltr'>CF,</span> <span class='ocrx_word' id='word_1_436' title='bbox 775 3554 918 3579; x_wconf 79' lang='lat' dir='ltr'>secundum</span> <span class='ocrx_word' id='word_1_437' title='bbox 939 3555 1010 3586; x_wconf 77' lang='lat' dir='ltr'>quod</span> <span class='ocrx_word' id='word_1_438' title='bbox 1030 3555 1075 3578; x_wconf 63' lang='lat' dir='ltr'>In.</span> 
     </span>
    </p>
   </div>
   <div class='ocr_carea' id='block_1_12' title="bbox 1477 587 1482 1630">
    <p class='ocr_par' dir='ltr' id='par_1_23' title="bbox 1477 587 1482 1630">
     <span class='ocr_line' id='line_1_70' title="bbox 1477 587 1482 1630; baseline 0 0"><span class='ocrx_word' id='word_1_439' title='bbox 1477 587 1482 1630; x_wconf 95' lang='lat' dir='ltr'> </span> 
     </span>
    </p>
   </div>
   <div class='ocr_carea' id='block_1_13' title="bbox 1476 1771 1481 2338">
    <p class='ocr_par' dir='ltr' id='par_1_24' title="bbox 1476 1771 1481 2338">
     <span class='ocr_line' id='line_1_71' title="bbox 1476 1771 1481 2338; baseline 0 0"><span class='ocrx_word' id='word_1_440' title='bbox 1476 1771 1481 2338; x_wconf 95' lang='lat' dir='ltr'> </span> 
     </span>
    </p>
   </div>
   <div class='ocr_carea' id='block_1_14' title="bbox 1475 3067 1480 3572">
    <p class='ocr_par' dir='ltr' id='par_1_25' title="bbox 1475 3067 1480 3572">
     <span class='ocr_line' id='line_1_72' title="bbox 1475 3067 1480 3572; baseline 0 0"><span class='ocrx_word' id='word_1_441' title='bbox 1475 3067 1480 3572; x_wconf 95' lang='lat' dir='ltr'> </span> 
     </span>
    </p>
   </div>
   <div class='ocr_carea' id='block_1_15' title="bbox 1503 577 2570 682">
    <p class='ocr_par' dir='ltr' id='par_1_26' title="bbox 1503 577 2570 682">
     <span class='ocr_line' id='line_1_73' title="bbox 1503 577 2567 638; baseline 0.006 -25"><span class='ocrx_word' id='word_1_442' title='bbox 1503 577 1566 613; x_wconf 90' lang='lat' dir='ltr'>vel</span> <span class='ocrx_word' id='word_1_443' title='bbox 1584 577 1824 625; x_wconf 88' lang='lat' dir='ltr'>periculum</span> <span class='ocrx_word' id='word_1_444' title='bbox 1817 591 2007 617; x_wconf 81' lang='lat' dir='ltr'>incurrere</span> <span class='ocrx_word' id='word_1_445' title='bbox 2025 580 2165 638; x_wconf 89' lang='lat' dir='ltr'>possit:</span> <span class='ocrx_word' id='word_1_446' title='bbox 2195 580 2379 618; x_wconf 88' lang='lat' dir='ltr'>damnum</span> <span class='ocrx_word' id='word_1_447' title='bbox 2399 582 2567 630; x_wconf 90' lang='lat' dir='ltr'>quidem,</span> 
     </span>
     <span class='ocr_line' id='line_1_74' title="bbox 1505 629 2570 682; baseline 0.007 -17"><span class='ocrx_word' id='word_1_448' title='bbox 1505 629 1535 665; x_wconf 93' lang='lat' dir='ltr'>si</span> <span class='ocrx_word' id='word_1_449' title='bbox 1563 638 1720 679; x_wconf 91' lang='lat' dir='ltr'>propter</span> <span class='ocrx_word' id='word_1_450' title='bbox 1745 632 1967 670; x_wconf 88' lang='lat' dir='ltr'>huiusmodi</span> <span class='ocrx_word' id='word_1_451' title='bbox 1995 633 2129 670; x_wconf 88' lang='lat' dir='ltr'>vitium</span> <span class='ocrx_word' id='word_1_452' title='bbox 2158 645 2217 670; x_wconf 89' lang='lat' dir='ltr'>res</span> <span class='ocrx_word' id='word_1_453' title='bbox 2237 646 2337 682; x_wconf 89' lang='lat' dir='ltr'>quae</span> <span class='ocrx_word' id='word_1_454' title='bbox 2364 635 2570 673; x_wconf 81' lang='lat' dir='ltr'>vendenda</span> 
     </span>
    </p>
   </div>
   <div class='ocr_carea' id='block_1_16' title="bbox 1503 683 2573 1848">
    <p class='ocr_par' dir='ltr' id='par_1_27' title="bbox 1504 683 2570 1210">
     <span class='ocr_line' id='line_1_75' title="bbox 1504 683 2570 746; baseline 0.008 -28"><span class='ocrx_word' id='word_1_455' title='bbox 1504 683 1732 730; x_wconf 88' lang='lat' dir='ltr'>proponitur</span> <span class='ocrx_word' id='word_1_456' title='bbox 1758 684 1918 722; x_wconf 88' lang='lat' dir='ltr'>minoris</span> <span class='ocrx_word' id='word_1_457' title='bbox 1951 685 1997 722; x_wconf 88' lang='lat' dir='ltr'>sit</span> <span class='ocrx_word' id='word_1_458' title='bbox 2022 686 2152 734; x_wconf 87' lang='lat' dir='ltr'>pretii,</span> <span class='ocrx_word' id='word_1_459' title='bbox 2182 686 2263 746; x_wconf 86' lang='lat' dir='ltr'>ipse</span> <span class='ocrx_word' id='word_1_460' title='bbox 2290 699 2387 724; x_wconf 89' lang='lat' dir='ltr'>vero</span> <span class='ocrx_word' id='word_1_461' title='bbox 2415 695 2570 737; x_wconf 88' lang='lat' dir='ltr'>propter</span> 
     </span>
     <span class='ocr_line' id='line_1_76' title="bbox 1505 735 2570 790; baseline 0.007 -19"><span class='ocrx_word' id='word_1_462' title='bbox 1505 735 1727 773; x_wconf 90' lang='lat' dir='ltr'>huiusmodi</span> <span class='ocrx_word' id='word_1_463' title='bbox 1753 737 1889 774; x_wconf 90' lang='lat' dir='ltr'>vitium</span> <span class='ocrx_word' id='word_1_464' title='bbox 1918 738 2009 775; x_wconf 91' lang='lat' dir='ltr'>nihil</span> <span class='ocrx_word' id='word_1_465' title='bbox 2039 739 2087 776; x_wconf 90' lang='lat' dir='ltr'>de</span> <span class='ocrx_word' id='word_1_466' title='bbox 2109 739 2230 787; x_wconf 87' lang='lat' dir='ltr'>pretio</span> <span class='ocrx_word' id='word_1_467' title='bbox 2260 740 2475 787; x_wconf 86' lang='lat' dir='ltr'>subtrahat;</span> <span class='ocrx_word' id='word_1_468' title='bbox 2503 753 2570 790; x_wconf 87' lang='lat' dir='ltr'>pe-</span> 
     </span>
     <span class='ocr_line' id='line_1_77' title="bbox 1506 788 2570 840; baseline 0.008 -16"><span class='ocrx_word' id='word_1_469' title='bbox 1506 788 1667 825; x_wconf 91' lang='lat' dir='ltr'>riculum</span> <span class='ocrx_word' id='word_1_470' title='bbox 1687 796 1829 836; x_wconf 88' lang='lat' dir='ltr'>autem,</span> <span class='ocrx_word' id='word_1_471' title='bbox 1849 798 1941 838; x_wconf 88' lang='lat' dir='ltr'>puta</span> <span class='ocrx_word' id='word_1_472' title='bbox 1960 791 1990 828; x_wconf 87' lang='lat' dir='ltr'>si</span> <span class='ocrx_word' id='word_1_473' title='bbox 2016 799 2172 840; x_wconf 89' lang='lat' dir='ltr'>propter</span> <span class='ocrx_word' id='word_1_474' title='bbox 2190 792 2411 831; x_wconf 87' lang='lat' dir='ltr'>huiusmodi</span> <span class='ocrx_word' id='word_1_475' title='bbox 2432 794 2570 832; x_wconf 88' lang='lat' dir='ltr'>vitium</span> 
     </span>
     <span class='ocr_line' id='line_1_78' title="bbox 1505 842 2570 895; baseline 0.006 -17"><span class='ocrx_word' id='word_1_476' title='bbox 1505 854 1597 878; x_wconf 91' lang='lat' dir='ltr'>usus</span> <span class='ocrx_word' id='word_1_477' title='bbox 1625 842 1677 879; x_wconf 90' lang='lat' dir='ltr'>rei</span> <span class='ocrx_word' id='word_1_478' title='bbox 1707 843 1885 879; x_wconf 89' lang='lat' dir='ltr'>reddatur</span> <span class='ocrx_word' id='word_1_479' title='bbox 1912 843 2117 892; x_wconf 89' lang='lat' dir='ltr'>impeditus</span> <span class='ocrx_word' id='word_1_480' title='bbox 2145 846 2207 882; x_wconf 89' lang='lat' dir='ltr'>vel</span> <span class='ocrx_word' id='word_1_481' title='bbox 2233 846 2390 893; x_wconf 88' lang='lat' dir='ltr'>noxius,</span> <span class='ocrx_word' id='word_1_482' title='bbox 2420 855 2512 895; x_wconf 85' lang='lat' dir='ltr'>puta</span> <span class='ocrx_word' id='word_1_483' title='bbox 2539 847 2570 884; x_wconf 88' lang='lat' dir='ltr'>si</span> 
     </span>
     <span class='ocr_line' id='line_1_79' title="bbox 1506 894 2569 960; baseline 0.007 -29"><span class='ocrx_word' id='word_1_484' title='bbox 1506 894 1640 943; x_wconf 89' lang='lat' dir='ltr'>aliquis</span> <span class='ocrx_word' id='word_1_485' title='bbox 1676 895 1787 932; x_wconf 89' lang='lat' dir='ltr'>alicui</span> <span class='ocrx_word' id='word_1_486' title='bbox 1827 895 1971 933; x_wconf 81' lang='lat' dir='ltr'>vendat</span> <span class='ocrx_word' id='word_1_487' title='bbox 2005 908 2146 944; x_wconf 88' lang='lat' dir='ltr'>equum</span> <span class='ocrx_word' id='word_1_488' title='bbox 2186 899 2462 937; x_wconf 80' lang='lat' dir='ltr'>claudicantem</span> <span class='ocrx_word' id='word_1_489' title='bbox 2499 913 2569 960; x_wconf 77' lang='lat' dir='ltr'>pro</span> 
     </span>
     <span class='ocr_line' id='line_1_80' title="bbox 1505 949 2569 1000; baseline 0.007 -16"><span class='ocrx_word' id='word_1_490' title='bbox 1505 949 1642 996; x_wconf 91' lang='lat' dir='ltr'>veloci,</span> <span class='ocrx_word' id='word_1_491' title='bbox 1662 950 1725 985; x_wconf 89' lang='lat' dir='ltr'>vel</span> <span class='ocrx_word' id='word_1_492' title='bbox 1754 949 1950 986; x_wconf 89' lang='lat' dir='ltr'>ruinosam</span> <span class='ocrx_word' id='word_1_493' title='bbox 1978 949 2139 986; x_wconf 89' lang='lat' dir='ltr'>domum</span> <span class='ocrx_word' id='word_1_494' title='bbox 2171 962 2242 998; x_wconf 90' lang='lat' dir='ltr'>pro</span> <span class='ocrx_word' id='word_1_495' title='bbox 2270 951 2403 1000; x_wconf 83' lang='lat' dir='ltr'>firma,</span> <span class='ocrx_word' id='word_1_496' title='bbox 2428 954 2491 990; x_wconf 87' lang='lat' dir='ltr'>vel</span> <span class='ocrx_word' id='word_1_497' title='bbox 2520 954 2569 990; x_wconf 93' lang='lat' dir='ltr'>ci-</span> 
     </span>
     <span class='ocr_line' id='line_1_81' title="bbox 1507 1001 2569 1052; baseline 0.006 -15"><span class='ocrx_word' id='word_1_498' title='bbox 1507 1001 1600 1037; x_wconf 91' lang='lat' dir='ltr'>bum</span> <span class='ocrx_word' id='word_1_499' title='bbox 1621 1009 1841 1050; x_wconf 89' lang='lat' dir='ltr'>corruptum</span> <span class='ocrx_word' id='word_1_500' title='bbox 1861 1002 1941 1039; x_wconf 91' lang='lat' dir='ltr'>sive</span> <span class='ocrx_word' id='word_1_501' title='bbox 1960 1014 2204 1040; x_wconf 87' lang='lat' dir='ltr'>venenosum</span> <span class='ocrx_word' id='word_1_502' title='bbox 2222 1015 2294 1052; x_wconf 90' lang='lat' dir='ltr'>pro</span> <span class='ocrx_word' id='word_1_503' title='bbox 2314 1005 2430 1043; x_wconf 88' lang='lat' dir='ltr'>bono.</span> <span class='ocrx_word' id='word_1_504' title='bbox 2457 1006 2569 1045; x_wconf 85' lang='lat' dir='ltr'>Unde</span> 
     </span>
     <span class='ocr_line' id='line_1_82' title="bbox 1507 1054 2570 1105; baseline 0.006 -15"><span class='ocrx_word' id='word_1_505' title='bbox 1507 1054 1536 1090; x_wconf 92' lang='lat' dir='ltr'>si</span> <span class='ocrx_word' id='word_1_506' title='bbox 1565 1054 1786 1092; x_wconf 88' lang='lat' dir='ltr'>huiusmodi</span> <span class='ocrx_word' id='word_1_507' title='bbox 1808 1055 1899 1092; x_wconf 91' lang='lat' dir='ltr'>vitia</span> <span class='ocrx_word' id='word_1_508' title='bbox 1927 1055 2000 1092; x_wconf 90' lang='lat' dir='ltr'>sint</span> <span class='ocrx_word' id='word_1_509' title='bbox 2027 1056 2175 1092; x_wconf 87' lang='lat' dir='ltr'>occulta</span> <span class='ocrx_word' id='word_1_510' title='bbox 2195 1063 2231 1092; x_wconf 91' lang='lat' dir='ltr'>et</span> <span class='ocrx_word' id='word_1_511' title='bbox 2259 1056 2339 1105; x_wconf 88' lang='lat' dir='ltr'>ipse</span> <span class='ocrx_word' id='word_1_512' title='bbox 2359 1069 2438 1097; x_wconf 92' lang='lat' dir='ltr'>non</span> <span class='ocrx_word' id='word_1_513' title='bbox 2467 1059 2570 1098; x_wconf 85' lang='lat' dir='ltr'>dete-</span> 
     </span>
     <span class='ocr_line' id='line_1_83' title="bbox 1506 1107 2570 1156; baseline 0.005 -13"><span class='ocrx_word' id='word_1_514' title='bbox 1506 1114 1579 1154; x_wconf 86' lang='lat' dir='ltr'>gat,</span> <span class='ocrx_word' id='word_1_515' title='bbox 1601 1107 1669 1144; x_wconf 89' lang='lat' dir='ltr'>erit</span> <span class='ocrx_word' id='word_1_516' title='bbox 1686 1107 1811 1145; x_wconf 90' lang='lat' dir='ltr'>illicita</span> <span class='ocrx_word' id='word_1_517' title='bbox 1840 1116 1876 1145; x_wconf 92' lang='lat' dir='ltr'>et</span> <span class='ocrx_word' id='word_1_518' title='bbox 1896 1108 2030 1145; x_wconf 89' lang='lat' dir='ltr'>dolosa</span> <span class='ocrx_word' id='word_1_519' title='bbox 2047 1108 2231 1156; x_wconf 87' lang='lat' dir='ltr'>venditio,</span> <span class='ocrx_word' id='word_1_520' title='bbox 2252 1117 2288 1146; x_wconf 90' lang='lat' dir='ltr'>et</span> <span class='ocrx_word' id='word_1_521' title='bbox 2311 1117 2460 1147; x_wconf 88' lang='lat' dir='ltr'>tenetur</span> <span class='ocrx_word' id='word_1_522' title='bbox 2477 1121 2570 1149; x_wconf 89' lang='lat' dir='ltr'>ven-</span> 
     </span>
     <span class='ocr_line' id='line_1_84' title="bbox 1507 1159 2273 1210; baseline 0.004 -14"><span class='ocrx_word' id='word_1_523' title='bbox 1507 1159 1605 1196; x_wconf 91' lang='lat' dir='ltr'>ditor</span> <span class='ocrx_word' id='word_1_524' title='bbox 1632 1161 1680 1198; x_wconf 88' lang='lat' dir='ltr'>ad</span> <span class='ocrx_word' id='word_1_525' title='bbox 1710 1161 1837 1198; x_wconf 89' lang='lat' dir='ltr'>damni</span> <span class='ocrx_word' id='word_1_526' title='bbox 1865 1162 2273 1210; x_wconf 89' lang='lat' dir='ltr'>recompensationem.</span> 
     </span>
    </p>

    <p class='ocr_par' dir='ltr' id='par_1_28' title="bbox 1503 1213 2573 1728">
     <span class='ocr_line' id='line_1_85' title="bbox 1560 1213 2570 1264; baseline 0.005 -15"><span class='ocrx_word' id='word_1_527' title='bbox 1560 1213 1599 1248; x_wconf 87' lang='lat' dir='ltr'>Si</span> <span class='ocrx_word' id='word_1_528' title='bbox 1619 1225 1713 1250; x_wconf 88' lang='lat' dir='ltr'>vero</span> <span class='ocrx_word' id='word_1_529' title='bbox 1732 1214 1867 1251; x_wconf 86' lang='lat' dir='ltr'>vitium</span> <span class='ocrx_word' id='word_1_530' title='bbox 1889 1214 1934 1251; x_wconf 88' lang='lat' dir='ltr'>sit</span> <span class='ocrx_word' id='word_1_531' title='bbox 1951 1215 2208 1263; x_wconf 86' lang='lat' dir='ltr'>manifestum,</span> <span class='ocrx_word' id='word_1_532' title='bbox 2227 1222 2320 1264; x_wconf 87' lang='lat' dir='ltr'>puta</span> <span class='ocrx_word' id='word_1_533' title='bbox 2339 1227 2428 1253; x_wconf 85' lang='lat' dir='ltr'>curn</span> <span class='ocrx_word' id='word_1_534' title='bbox 2448 1227 2570 1264; x_wconf 89' lang='lat' dir='ltr'>equus</span> 
     </span>
     <span class='ocr_line' id='line_1_86' title="bbox 1507 1268 2569 1317; baseline 0.007 -17"><span class='ocrx_word' id='word_1_535' title='bbox 1507 1272 1563 1301; x_wconf 91' lang='lat' dir='ltr'>est</span> <span class='ocrx_word' id='word_1_536' title='bbox 1580 1269 1592 1285; x_wconf 75' lang='lat'>⁵</span> <span class='ocrx_word' id='word_1_537' title='bbox 1612 1268 1866 1312; x_wconf 24' lang='lat' dir='ltr'>monoculum.</span> <span class='ocrx_word' id='word_1_538' title='bbox 1887 1268 1950 1304; x_wconf 92' lang='lat' dir='ltr'>vel</span> <span class='ocrx_word' id='word_1_539' title='bbox 1969 1280 2058 1317; x_wconf 85' lang='lat' dir='ltr'>cum</span> <span class='ocrx_word' id='word_1_540' title='bbox 2078 1280 2170 1305; x_wconf 92' lang='lat' dir='ltr'>usus</span> <span class='ocrx_word' id='word_1_541' title='bbox 2189 1268 2255 1316; x_wconf 89' lang='lat' dir='ltr'>rei,</span> <span class='ocrx_word' id='word_1_542' title='bbox 2277 1268 2345 1306; x_wconf 88' lang='lat' dir='ltr'>etsi</span> <span class='ocrx_word' id='word_1_543' title='bbox 2364 1281 2444 1306; x_wconf 92' lang='lat' dir='ltr'>non</span> <span class='ocrx_word' id='word_1_544' title='bbox 2463 1281 2569 1306; x_wconf 88' lang='lat' dir='ltr'>com-</span> 
     </span>
     <span class='ocr_line' id='line_1_87' title="bbox 1506 1319 2570 1369; baseline 0.007 -16"><span class='ocrx_word' id='word_1_545' title='bbox 1506 1324 1610 1365; x_wconf 87' lang='lat' dir='ltr'>petat</span> <span class='ocrx_word' id='word_1_546' title='bbox 1643 1319 1855 1366; x_wconf 87' lang='lat' dir='ltr'>venditori,</span> <span class='ocrx_word' id='word_1_547' title='bbox 1888 1327 2014 1369; x_wconf 84' lang='lat' dir='ltr'>potest</span> <span class='ocrx_word' id='word_1_548' title='bbox 2047 1329 2176 1359; x_wconf 88' lang='lat' dir='ltr'>tamen</span> <span class='ocrx_word' id='word_1_549' title='bbox 2213 1333 2295 1359; x_wconf 91' lang='lat' dir='ltr'>esse</span> <span class='ocrx_word' id='word_1_550' title='bbox 2335 1322 2570 1360; x_wconf 76' lang='lat' dir='ltr'>conveniens</span> 
     </span>
     <span class='ocr_line' id='line_1_88' title="bbox 1506 1370 2571 1422; baseline 0.008 -16"><span class='ocrx_word' id='word_1_551' title='bbox 1506 1370 1601 1416; x_wconf 89' lang='lat' dir='ltr'>aliis;</span> <span class='ocrx_word' id='word_1_552' title='bbox 1632 1379 1668 1407; x_wconf 92' lang='lat' dir='ltr'>et</span> <span class='ocrx_word' id='word_1_553' title='bbox 1695 1371 1757 1408; x_wconf 74' lang='lat' dir='ltr'>si&lt;</span> <span class='ocrx_word' id='word_1_554' title='bbox 1784 1372 1865 1420; x_wconf 89' lang='lat' dir='ltr'>ipse</span> <span class='ocrx_word' id='word_1_555' title='bbox 1893 1380 2049 1422; x_wconf 89' lang='lat' dir='ltr'>propter</span> <span class='ocrx_word' id='word_1_556' title='bbox 2076 1374 2295 1413; x_wconf 87' lang='lat' dir='ltr'>huiusmodi</span> <span class='ocrx_word' id='word_1_557' title='bbox 2318 1374 2453 1413; x_wconf 84' lang='lat' dir='ltr'>vitium</span> <span class='ocrx_word' id='word_1_558' title='bbox 2482 1377 2571 1414; x_wconf 84' lang='lat' dir='ltr'>sub-</span> 
     </span>
     <span class='ocr_line' id='line_1_89' title="bbox 1504 1424 2571 1485; baseline 0.007 -26"><span class='ocrx_word' id='word_1_559' title='bbox 1504 1424 1627 1460; x_wconf 88' lang='lat' dir='ltr'>trahat</span> <span class='ocrx_word' id='word_1_560' title='bbox 1645 1433 1831 1472; x_wconf 89' lang='lat' dir='ltr'>quantum</span> <span class='ocrx_word' id='word_1_561' title='bbox 1852 1433 2002 1485; x_wconf 87' lang='lat' dir='ltr'>oportet</span> <span class='ocrx_word' id='word_1_562' title='bbox 2021 1426 2069 1463; x_wconf 89' lang='lat' dir='ltr'>de</span> <span class='ocrx_word' id='word_1_563' title='bbox 2089 1427 2230 1475; x_wconf 92' lang='lat' dir='ltr'>pretio.</span> <span class='ocrx_word' id='word_1_564' title='bbox 2251 1439 2330 1464; x_wconf 89' lang='lat' dir='ltr'>non</span> <span class='ocrx_word' id='word_1_565' title='bbox 2353 1435 2503 1466; x_wconf 79' lang='lat' dir='ltr'>tenetur</span> <span class='ocrx_word' id='word_1_566' title='bbox 2521 1429 2571 1467; x_wconf 86' lang='lat' dir='ltr'>ad</span> 
     </span>
     <span class='ocr_line' id='line_1_90' title="bbox 1506 1477 2572 1530; baseline 0.006 -17"><span class='ocrx_word' id='word_1_567' title='bbox 1506 1477 1829 1516; x_wconf 86' lang='lat' dir='ltr'>manifestandum</span> <span class='ocrx_word' id='word_1_568' title='bbox 1847 1479 1981 1516; x_wconf 91' lang='lat' dir='ltr'>vitium</span> <span class='ocrx_word' id='word_1_569' title='bbox 2001 1479 2066 1516; x_wconf 91' lang='lat' dir='ltr'>rei.</span> <span class='ocrx_word' id='word_1_570' title='bbox 2094 1480 2196 1526; x_wconf 89' lang='lat' dir='ltr'>Quia</span> <span class='ocrx_word' id='word_1_571' title='bbox 2213 1480 2308 1517; x_wconf 87' lang='lat' dir='ltr'>forte</span> <span class='ocrx_word' id='word_1_572' title='bbox 2327 1489 2483 1530; x_wconf 89' lang='lat' dir='ltr'>propter</span> <span class='ocrx_word' id='word_1_573' title='bbox 2501 1483 2572 1519; x_wconf 87' lang='lat' dir='ltr'>hu-</span> 
     </span>
     <span class='ocr_line' id='line_1_91' title="bbox 1504 1529 2571 1582; baseline 0.006 -16"><span class='ocrx_word' id='word_1_574' title='bbox 1504 1529 1672 1567; x_wconf 91' lang='lat' dir='ltr'>iusmodi</span> <span class='ocrx_word' id='word_1_575' title='bbox 1704 1531 1839 1568; x_wconf 88' lang='lat' dir='ltr'>vitium</span> <span class='ocrx_word' id='word_1_576' title='bbox 1873 1540 2024 1581; x_wconf 87' lang='lat' dir='ltr'>emptor</span> <span class='ocrx_word' id='word_1_577' title='bbox 2060 1533 2172 1570; x_wconf 91' lang='lat' dir='ltr'>vellet</span> <span class='ocrx_word' id='word_1_578' title='bbox 2205 1533 2290 1582; x_wconf 92' lang='lat' dir='ltr'>plus</span> <span class='ocrx_word' id='word_1_579' title='bbox 2317 1533 2488 1572; x_wconf 85' lang='lat' dir='ltr'>subtrahi</span> <span class='ocrx_word' id='word_1_580' title='bbox 2523 1534 2571 1573; x_wconf 87' lang='lat' dir='ltr'>de</span> 
     </span>
     <span class='ocr_line' id='line_1_92' title="bbox 1503 1583 2573 1636; baseline 0.006 -17"><span class='ocrx_word' id='word_1_581' title='bbox 1503 1583 1625 1631; x_wconf 90' lang='lat' dir='ltr'>pretio</span> <span class='ocrx_word' id='word_1_582' title='bbox 1663 1596 1780 1632; x_wconf 91' lang='lat' dir='ltr'>quam</span> <span class='ocrx_word' id='word_1_583' title='bbox 1818 1593 1917 1622; x_wconf 90' lang='lat' dir='ltr'>esset</span> <span class='ocrx_word' id='word_1_584' title='bbox 1952 1586 2268 1624; x_wconf 89' lang='lat' dir='ltr'>subtrahendum.</span> <span class='ocrx_word' id='word_1_585' title='bbox 2304 1586 2416 1624; x_wconf 89' lang='lat' dir='ltr'>Unde</span> <span class='ocrx_word' id='word_1_586' title='bbox 2447 1593 2573 1636; x_wconf 79' lang='lat' dir='ltr'>potest</span> 
     </span>
     <span class='ocr_line' id='line_1_93' title="bbox 1503 1636 2570 1688; baseline 0.007 -16"><span class='ocrx_word' id='word_1_587' title='bbox 1503 1636 1600 1673; x_wconf 90' lang='lat' dir='ltr'>licite</span> <span class='ocrx_word' id='word_1_588' title='bbox 1628 1637 1806 1674; x_wconf 89' lang='lat' dir='ltr'>venditor</span> <span class='ocrx_word' id='word_1_589' title='bbox 1824 1638 2061 1676; x_wconf 84' lang='lat' dir='ltr'>indemnitati</span> <span class='ocrx_word' id='word_1_590' title='bbox 2081 1651 2174 1676; x_wconf 86' lang='lat' dir='ltr'>suae</span> <span class='ocrx_word' id='word_1_591' title='bbox 2202 1640 2414 1688; x_wconf 90' lang='lat' dir='ltr'>consulere,</span> <span class='ocrx_word' id='word_1_592' title='bbox 2434 1640 2570 1679; x_wconf 85' lang='lat' dir='ltr'>vitium</span> 
     </span>
     <span class='ocr_line' id='line_1_94' title="bbox 1505 1689 1791 1728; baseline 0.01 -3"><span class='ocrx_word' id='word_1_593' title='bbox 1505 1689 1557 1726; x_wconf 91' lang='lat' dir='ltr'>rei</span> <span class='ocrx_word' id='word_1_594' title='bbox 1586 1690 1791 1728; x_wconf 84' lang='lat' dir='ltr'>reticendo.</span> 
     </span>
    </p>

    <p class='ocr_par' dir='ltr' id='par_1_29' title="bbox 1504 1744 2571 1848">
     <span class='ocr_line' id='line_1_95' title="bbox 1557 1744 2571 1794; baseline 0.006 -15"><span class='ocrx_word' id='word_1_595' title='bbox 1557 1744 1616 1779; x_wconf 83' lang='lat' dir='ltr'>An</span> <span class='ocrx_word' id='word_1_596' title='bbox 1645 1755 1783 1781; x_wconf 74' lang='lat' dir='ltr'>PRIMUM</span> <span class='ocrx_word' id='word_1_597' title='bbox 1801 1756 1900 1781; x_wconf 84' lang='lat' dir='ltr'>ERGO</span> <span class='ocrx_word' id='word_1_598' title='bbox 1928 1756 2114 1782; x_wconf 75' lang='grc' dir='ltr'>ῡιεΕΝυυΜ</span> <span class='ocrx_word' id='word_1_599' title='bbox 2140 1746 2246 1794; x_wconf 88' lang='lat' dir='ltr'>quod</span> <span class='ocrx_word' id='word_1_600' title='bbox 2280 1745 2462 1784; x_wconf 74' lang='lat' dir='ltr'>iudicium</span> <span class='ocrx_word' id='word_1_601' title='bbox 2491 1759 2571 1785; x_wconf 87' lang='lat' dir='ltr'>non</span> 
     </span>
     <span class='ocr_line' id='line_1_96' title="bbox 1504 1796 2571 1848; baseline 0.005 -16"><span class='ocrx_word' id='word_1_602' title='bbox 1504 1803 1630 1843; x_wconf 91' lang='lat' dir='ltr'>potest</span> <span class='ocrx_word' id='word_1_603' title='bbox 1647 1796 1731 1834; x_wconf 90' lang='lat' dir='ltr'>fieri</span> <span class='ocrx_word' id='word_1_604' title='bbox 1746 1797 1816 1834; x_wconf 89' lang='lat' dir='ltr'>nisi</span> <span class='ocrx_word' id='word_1_605' title='bbox 1837 1798 1884 1834; x_wconf 91' lang='lat' dir='ltr'>de</span> <span class='ocrx_word' id='word_1_606' title='bbox 1901 1809 1939 1834; x_wconf 93' lang='lat' dir='ltr'>re</span> <span class='ocrx_word' id='word_1_607' title='bbox 1955 1798 2174 1836; x_wconf 82' lang='lat' dir='ltr'>manifesta:</span> <span class='ocrx_word' id='word_1_608' title='bbox 2195 1799 2448 1848; x_wconf 81' lang='lat' dir='ltr'>unusquisque</span> <span class='ocrx_word' id='word_1_609' title='bbox 2467 1799 2571 1847; x_wconf 77' lang='lat' dir='ltr'>enim</span> 
     </span>
    </p>
   </div>
   <div class='ocr_carea' id='block_1_17' title="bbox 1504 1849 2622 1954">
    <p class='ocr_par' dir='ltr' id='par_1_30' title="bbox 1504 1849 2622 1954">
     <span class='ocr_line' id='line_1_97' title="bbox 1504 1849 2608 1900; baseline 0.006 -16"><span class='ocrx_word' id='word_1_610' title='bbox 1504 1849 1646 1885; x_wconf 87' lang='lat' dir='ltr'>iudicat</span> <span class='ocrx_word' id='word_1_611' title='bbox 1669 1861 1767 1897; x_wconf 81' lang='lat' dir='ltr'>quae</span> <span class='ocrx_word' id='word_1_612' title='bbox 1786 1856 1803 1877; x_wconf 71' lang='grc' dir='ltr'><strong>η</strong></span> <span class='ocrx_word' id='word_1_613' title='bbox 1833 1851 2042 1900; x_wconf 83' lang='lat' dir='ltr'>cognoscit,</span> <span class='ocrx_word' id='word_1_614' title='bbox 2072 1859 2113 1888; x_wconf 93' lang='lat' dir='ltr'>ut</span> <span class='ocrx_word' id='word_1_615' title='bbox 2146 1851 2282 1889; x_wconf 89' lang='lat' dir='ltr'>dicitur</span> <span class='ocrx_word' id='word_1_616' title='bbox 2308 1852 2348 1889; x_wconf 90' lang='lat' dir='ltr'>in</span> <span class='ocrx_word' id='word_1_617' title='bbox 2376 1853 2531 1891; x_wconf 86' lang='lat' dir='ltr'>IEthic.</span> <span class='ocrx_word' id='word_1_618' title='bbox 2550 1853 2572 1876; x_wconf 71' lang='lat'>²⁸</span> <span class='ocrx_word' id='word_1_619' title='bbox 2597 1889 2608 1900; x_wconf 75' lang='grc'><em>,</em></span> 
     </span>
     <span class='ocr_line' id='line_1_98' title="bbox 1505 1902 2622 1954; baseline 0.005 -16"><span class='ocrx_word' id='word_1_620' title='bbox 1505 1902 1616 1939; x_wconf 92' lang='lat' dir='ltr'>Unde</span> <span class='ocrx_word' id='word_1_621' title='bbox 1644 1903 1674 1939; x_wconf 92' lang='lat' dir='ltr'>si</span> <span class='ocrx_word' id='word_1_622' title='bbox 1703 1903 1794 1940; x_wconf 91' lang='lat' dir='ltr'>vitia</span> <span class='ocrx_word' id='word_1_623' title='bbox 1822 1903 1874 1940; x_wconf 91' lang='lat' dir='ltr'>rei</span> <span class='ocrx_word' id='word_1_624' title='bbox 1902 1916 2001 1952; x_wconf 89' lang='lat' dir='ltr'>quae</span> <span class='ocrx_word' id='word_1_625' title='bbox 2020 1905 2227 1942; x_wconf 89' lang='lat' dir='ltr'>vendenda</span> <span class='ocrx_word' id='word_1_626' title='bbox 2253 1906 2481 1954; x_wconf 88' lang='lat' dir='ltr'>proponitur</span> <span class='ocrx_word' id='word_1_627' title='bbox 2499 1906 2572 1944; x_wconf 84' lang='lat' dir='ltr'>sint</span> <span class='ocrx_word' id='word_1_628' title='bbox 2617 1929 2622 1935; x_wconf 94' lang='lat'>·</span> 
     </span>
    </p>
   </div>
   <div class='ocr_carea' id='block_1_18' title="bbox 1504 1956 2572 2272">
    <p class='ocr_par' dir='ltr' id='par_1_31' title="bbox 1504 1956 2572 2101">
     <span class='ocr_line' id='line_1_99' title="bbox 1505 1956 2572 2006; baseline 0.007 -15"><span class='ocrx_word' id='word_1_629' title='bbox 1505 1956 1664 2002; x_wconf 90' lang='lat' dir='ltr'>occulta,</span> <span class='ocrx_word' id='word_1_630' title='bbox 1691 1956 1762 1993; x_wconf 90' lang='lat' dir='ltr'>nisi</span> <span class='ocrx_word' id='word_1_631' title='bbox 1789 1968 1857 2004; x_wconf 91' lang='lat' dir='ltr'>per</span> <span class='ocrx_word' id='word_1_632' title='bbox 1883 1957 2124 1994; x_wconf 92' lang='lat' dir='ltr'>venditorem</span> <span class='ocrx_word' id='word_1_633' title='bbox 2159 1957 2463 2006; x_wconf 80' lang='lat' dir='ltr'>manifestentur,</span> <span class='ocrx_word' id='word_1_634' title='bbox 2486 1972 2572 1998; x_wconf 62' lang='lat' dir='ltr'>,non</span> 
     </span>
     <span class='ocr_line' id='line_1_100' title="bbox 1504 2008 2572 2059; baseline 0.007 -15"><span class='ocrx_word' id='word_1_635' title='bbox 1504 2008 1734 2046; x_wconf 86' lang='lat' dir='ltr'>sufficienter</span> <span class='ocrx_word' id='word_1_636' title='bbox 1762 2009 2010 2047; x_wconf 91' lang='lat' dir='ltr'>committitur</span> <span class='ocrx_word' id='word_1_637' title='bbox 2033 2010 2198 2059; x_wconf 88' lang='lat' dir='ltr'>emptori</span> <span class='ocrx_word' id='word_1_638' title='bbox 2225 2010 2421 2050; x_wconf 87' lang='lat' dir='ltr'>iudicium.</span> <span class='ocrx_word' id='word_1_639' title='bbox 2452 2013 2572 2051; x_wconf 82' lang='lat' dir='ltr'>Secus</span> 
     </span>
     <span class='ocr_line' id='line_1_101' title="bbox 1504 2062 2330 2101; baseline 0.004 -3"><span class='ocrx_word' id='word_1_640' title='bbox 1504 2069 1633 2098; x_wconf 89' lang='lat' dir='ltr'>autem</span> <span class='ocrx_word' id='word_1_641' title='bbox 1663 2070 1761 2099; x_wconf 89' lang='lat' dir='ltr'>esset</span> <span class='ocrx_word' id='word_1_642' title='bbox 1789 2062 1819 2099; x_wconf 90' lang='lat' dir='ltr'>si</span> <span class='ocrx_word' id='word_1_643' title='bbox 1847 2071 1972 2100; x_wconf 88' lang='lat' dir='ltr'>essent</span> <span class='ocrx_word' id='word_1_644' title='bbox 1999 2063 2089 2101; x_wconf 84' lang='lat' dir='ltr'>vitia</span> <span class='ocrx_word' id='word_1_645' title='bbox 2117 2063 2330 2101; x_wconf 90' lang='lat' dir='ltr'>manifesta.</span> 
     </span>
    </p>

    <p class='ocr_par' dir='ltr' id='par_1_32' title="bbox 1504 2116 2572 2272">
     <span class='ocr_line' id='line_1_102' title="bbox 1557 2116 2572 2167; baseline 0.005 -15"><span class='ocrx_word' id='word_1_646' title='bbox 1557 2116 1617 2152; x_wconf 82' lang='lat' dir='ltr'>An</span> <span class='ocrx_word' id='word_1_647' title='bbox 1645 2127 1837 2153; x_wconf 81' lang='lat' dir='ltr'>SECUNDUM</span> <span class='ocrx_word' id='word_1_648' title='bbox 1855 2128 2040 2154; x_wconf 77' lang='lat' dir='ltr'>mCENDuM</span> <span class='ocrx_word' id='word_1_649' title='bbox 2060 2117 2166 2165; x_wconf 92' lang='lat' dir='ltr'>quod</span> <span class='ocrx_word' id='word_1_650' title='bbox 2194 2129 2273 2155; x_wconf 93' lang='lat' dir='ltr'>non</span> <span class='ocrx_word' id='word_1_651' title='bbox 2297 2125 2449 2166; x_wconf 88' lang='lat' dir='ltr'>oportet</span> <span class='ocrx_word' id='word_1_652' title='bbox 2465 2118 2572 2167; x_wconf 89' lang='lat' dir='ltr'>quod</span> 
     </span>
     <span class='ocr_line' id='line_1_103' title="bbox 1504 2168 2570 2218; baseline 0.006 -14"><span class='ocrx_word' id='word_1_653' title='bbox 1504 2168 1638 2215; x_wconf 91' lang='lat' dir='ltr'>aliquis</span> <span class='ocrx_word' id='word_1_654' title='bbox 1675 2181 1744 2218; x_wconf 89' lang='lat' dir='ltr'>per</span> <span class='ocrx_word' id='word_1_655' title='bbox 1779 2181 2012 2218; x_wconf 88' lang='lat' dir='ltr'>praeconem</span> <span class='ocrx_word' id='word_1_656' title='bbox 2040 2170 2176 2207; x_wconf 91' lang='lat' dir='ltr'>vitium</span> <span class='ocrx_word' id='word_1_657' title='bbox 2211 2171 2264 2208; x_wconf 91' lang='lat' dir='ltr'>rei</span> <span class='ocrx_word' id='word_1_658' title='bbox 2299 2169 2570 2210; x_wconf 70' lang='lat' dir='ltr'>vendendae·</span> 
     </span>
     <span class='ocr_line' id='line_1_104' title="bbox 1504 2222 2572 2272; baseline 0.005 -14"><span class='ocrx_word' id='word_1_659' title='bbox 1504 2222 1763 2269; x_wconf 90' lang='lat' dir='ltr'>praenuntiet:</span> <span class='ocrx_word' id='word_1_660' title='bbox 1793 2223 1882 2270; x_wconf 89' lang='lat' dir='ltr'>quia</span> <span class='ocrx_word' id='word_1_661' title='bbox 1910 2223 1940 2259; x_wconf 93' lang='lat' dir='ltr'>si</span> <span class='ocrx_word' id='word_1_662' title='bbox 1967 2223 2202 2272; x_wconf 88' lang='lat' dir='ltr'>praediceret</span> <span class='ocrx_word' id='word_1_663' title='bbox 2229 2223 2381 2271; x_wconf 89' lang='lat' dir='ltr'>vitium,</span> <span class='ocrx_word' id='word_1_664' title='bbox 2412 2233 2572 2263; x_wconf 71' lang='lat' dir='ltr'>exterre⁶</span> 
     </span>
    </p>
   </div>
   <div class='ocr_carea' id='block_1_19' title="bbox 1505 2277 2600 2328">
    <p class='ocr_par' dir='ltr' id='par_1_33' title="bbox 1505 2277 2600 2328">
     <span class='ocr_line' id='line_1_105' title="bbox 1505 2277 2600 2328; baseline 0.005 -17"><span class='ocrx_word' id='word_1_665' title='bbox 1505 2282 1634 2312; x_wconf 88' lang='lat' dir='ltr'>rentur</span> <span class='ocrx_word' id='word_1_666' title='bbox 1652 2283 1845 2323; x_wconf 91' lang='lat' dir='ltr'>emptores</span> <span class='ocrx_word' id='word_1_667' title='bbox 1865 2277 1912 2313; x_wconf 91' lang='lat' dir='ltr'>ab</span> <span class='ocrx_word' id='word_1_668' title='bbox 1934 2277 2113 2324; x_wconf 89' lang='lat' dir='ltr'>emendo,</span> <span class='ocrx_word' id='word_1_669' title='bbox 2131 2277 2224 2315; x_wconf 90' lang='lat' dir='ltr'>dum</span> <span class='ocrx_word' id='word_1_670' title='bbox 2243 2277 2462 2325; x_wconf 81' lang='lat' dir='ltr'>ignorarem</span> <span class='ocrx_word' id='word_1_671' title='bbox 2480 2278 2572 2317; x_wconf 73' lang='lat' dir='ltr'>alias</span> <span class='ocrx_word' id='word_1_672' title='bbox 2597 2326 2600 2328; x_wconf 15' lang='lat' dir='ltr'>v</span> 
     </span>
    </p>
   </div>
   <div class='ocr_carea' id='block_1_20' title="bbox 1502 2328 2571 3279">
    <p class='ocr_par' dir='ltr' id='par_1_34' title="bbox 1503 2328 2571 2631">
     <span class='ocr_line' id='line_1_106' title="bbox 1505 2328 2570 2380; baseline 0.004 -16"><span class='ocrx_word' id='word_1_673' title='bbox 1505 2328 1742 2365; x_wconf 91' lang='lat' dir='ltr'>conditiones</span> <span class='ocrx_word' id='word_1_674' title='bbox 1762 2329 1825 2375; x_wconf 90' lang='lat' dir='ltr'>rei,</span> <span class='ocrx_word' id='word_1_675' title='bbox 1842 2329 2054 2367; x_wconf 90' lang='lat' dir='ltr'>secundum</span> <span class='ocrx_word' id='word_1_676' title='bbox 2074 2343 2169 2380; x_wconf 91' lang='lat' dir='ltr'>quas</span> <span class='ocrx_word' id='word_1_677' title='bbox 2185 2336 2192 2351; x_wconf 84' lang='lat'>‘</span> <span class='ocrx_word' id='word_1_678' title='bbox 2213 2338 2268 2367; x_wconf 89' lang='lat' dir='ltr'>est</span> <span class='ocrx_word' id='word_1_679' title='bbox 2288 2331 2390 2368; x_wconf 91' lang='lat' dir='ltr'>bona</span> <span class='ocrx_word' id='word_1_680' title='bbox 2405 2339 2441 2368; x_wconf 90' lang='lat' dir='ltr'>et</span> <span class='ocrx_word' id='word_1_681' title='bbox 2459 2331 2570 2368; x_wconf 86' lang='lat' dir='ltr'>utilis.</span> 
     </span>
     <span class='ocr_line' id='line_1_107' title="bbox 1505 2381 2571 2433; baseline 0.004 -16"><span class='ocrx_word' id='word_1_682' title='bbox 1505 2381 1582 2418; x_wconf 91' lang='lat' dir='ltr'>Sed</span> <span class='ocrx_word' id='word_1_683' title='bbox 1601 2381 1838 2429; x_wconf 85' lang='lat' dir='ltr'>singulariter</span> <span class='ocrx_word' id='word_1_684' title='bbox 1865 2391 1920 2419; x_wconf 91' lang='lat' dir='ltr'>est</span> <span class='ocrx_word' id='word_1_685' title='bbox 1940 2383 2146 2420; x_wconf 89' lang='lat' dir='ltr'>dicendum</span> <span class='ocrx_word' id='word_1_686' title='bbox 2174 2383 2310 2421; x_wconf 90' lang='lat' dir='ltr'>vitium</span> <span class='ocrx_word' id='word_1_687' title='bbox 2339 2383 2374 2420; x_wconf 88' lang='lat' dir='ltr'>ei</span> <span class='ocrx_word' id='word_1_688' title='bbox 2392 2390 2408 2405; x_wconf 69' lang='lat'>²</span> <span class='ocrx_word' id='word_1_689' title='bbox 2437 2385 2501 2433; x_wconf 91' lang='lat' dir='ltr'>qui</span> <span class='ocrx_word' id='word_1_690' title='bbox 2521 2385 2571 2422; x_wconf 94' lang='lat' dir='ltr'>ad</span> 
     </span>
     <span class='ocr_line' id='line_1_108' title="bbox 1505 2435 2570 2484; baseline 0.004 -14"><span class='ocrx_word' id='word_1_691' title='bbox 1505 2435 1713 2471; x_wconf 89' lang='lat' dir='ltr'>emendum</span> <span class='ocrx_word' id='word_1_692' title='bbox 1743 2435 1898 2482; x_wconf 88' lang='lat' dir='ltr'>accedit,</span> <span class='ocrx_word' id='word_1_693' title='bbox 1923 2436 1989 2484; x_wconf 90' lang='lat' dir='ltr'>qui</span> <span class='ocrx_word' id='word_1_694' title='bbox 2017 2444 2142 2484; x_wconf 91' lang='lat' dir='ltr'>potest</span> <span class='ocrx_word' id='word_1_695' title='bbox 2169 2436 2280 2473; x_wconf 88' lang='lat' dir='ltr'>simul</span> <span class='ocrx_word' id='word_1_696' title='bbox 2315 2449 2452 2473; x_wconf 89' lang='lat' dir='ltr'>omnes</span> <span class='ocrx_word' id='word_1_697' title='bbox 2481 2449 2570 2474; x_wconf 88' lang='lat' dir='ltr'>con-</span> 
     </span>
     <span class='ocr_line' id='line_1_109' title="bbox 1504 2487 2567 2537; baseline 0.002 -12"><span class='ocrx_word' id='word_1_698' title='bbox 1504 2487 1664 2525; x_wconf 89' lang='lat' dir='ltr'>ditiones</span> <span class='ocrx_word' id='word_1_699' title='bbox 1693 2487 1742 2524; x_wconf 92' lang='lat' dir='ltr'>ad</span> <span class='ocrx_word' id='word_1_700' title='bbox 1762 2487 1926 2525; x_wconf 90' lang='lat' dir='ltr'>invicem</span> <span class='ocrx_word' id='word_1_701' title='bbox 1955 2501 2192 2537; x_wconf 89' lang='lat' dir='ltr'>comparare,</span> <span class='ocrx_word' id='word_1_702' title='bbox 2214 2490 2336 2527; x_wconf 90' lang='lat' dir='ltr'>bonas</span> <span class='ocrx_word' id='word_1_703' title='bbox 2362 2498 2398 2526; x_wconf 91' lang='lat' dir='ltr'>et</span> <span class='ocrx_word' id='word_1_704' title='bbox 2426 2491 2567 2527; x_wconf 88' lang='lat' dir='ltr'>malas:</span> 
     </span>
     <span class='ocr_line' id='line_1_110' title="bbox 1503 2540 2570 2590; baseline 0.004 -14"><span class='ocrx_word' id='word_1_705' title='bbox 1503 2540 1593 2577; x_wconf 89' lang='lat' dir='ltr'>nihil</span> <span class='ocrx_word' id='word_1_706' title='bbox 1627 2540 1727 2577; x_wconf 87' lang='lat' dir='ltr'>enim</span> <span class='ocrx_word' id='word_1_707' title='bbox 1757 2541 1933 2589; x_wconf 91' lang='lat' dir='ltr'>prohibet</span> <span class='ocrx_word' id='word_1_708' title='bbox 1962 2554 2041 2578; x_wconf 88' lang='lat' dir='ltr'>rem</span> <span class='ocrx_word' id='word_1_709' title='bbox 2072 2542 2109 2579; x_wconf 91' lang='lat' dir='ltr'>in</span> <span class='ocrx_word' id='word_1_710' title='bbox 2147 2542 2274 2590; x_wconf 91' lang='lat' dir='ltr'>aliquo</span> <span class='ocrx_word' id='word_1_711' title='bbox 2303 2542 2502 2589; x_wconf 87' lang='lat' dir='ltr'>vitiosam,</span> <span class='ocrx_word' id='word_1_712' title='bbox 2531 2543 2570 2580; x_wconf 91' lang='lat' dir='ltr'>in</span> 
     </span>
     <span class='ocr_line' id='line_1_111' title="bbox 1504 2593 2020 2631; baseline 0.004 -2"><span class='ocrx_word' id='word_1_713' title='bbox 1504 2593 1631 2630; x_wconf 89' lang='lat' dir='ltr'>multis</span> <span class='ocrx_word' id='word_1_714' title='bbox 1659 2593 1739 2630; x_wconf 86' lang='lat' dir='ltr'>aliis</span> <span class='ocrx_word' id='word_1_715' title='bbox 1767 2594 1895 2630; x_wconf 89' lang='lat' dir='ltr'>utilem</span> <span class='ocrx_word' id='word_1_716' title='bbox 1927 2607 2020 2631; x_wconf 90' lang='lat' dir='ltr'>esse.</span> 
     </span>
    </p>

    <p class='ocr_par' dir='ltr' id='par_1_35' title="bbox 1502 2648 2570 3014">
     <span class='ocr_line' id='line_1_112' title="bbox 1557 2648 2570 2696; baseline 0.005 -14"><span class='ocrx_word' id='word_1_717' title='bbox 1557 2648 1615 2682; x_wconf 82' lang='lat' dir='ltr'>AD</span> <span class='ocrx_word' id='word_1_718' title='bbox 1634 2657 1794 2683; x_wconf 83' lang='lat' dir='ltr'>TERT1UM</span> <span class='ocrx_word' id='word_1_719' title='bbox 1818 2658 2002 2684; x_wconf 77' lang='lat' dir='ltr'>DicENDuM</span> <span class='ocrx_word' id='word_1_720' title='bbox 2027 2648 2132 2696; x_wconf 88' lang='lat' dir='ltr'>quod</span> <span class='ocrx_word' id='word_1_721' title='bbox 2154 2648 2330 2696; x_wconf 89' lang='lat' dir='ltr'>quamvis</span> <span class='ocrx_word' id='word_1_722' title='bbox 2349 2650 2470 2686; x_wconf 89' lang='lat' dir='ltr'>homo</span> <span class='ocrx_word' id='word_1_723' title='bbox 2490 2655 2570 2689; x_wconf 81' lang='lat' dir='ltr'>non</span> 
     </span>
     <span class='ocr_line' id='line_1_113' title="bbox 1504 2699 2570 2748; baseline 0.003 -12"><span class='ocrx_word' id='word_1_724' title='bbox 1504 2707 1676 2737; x_wconf 88' lang='lat' dir='ltr'>teneatur</span> <span class='ocrx_word' id='word_1_725' title='bbox 1712 2699 1929 2748; x_wconf 91' lang='lat' dir='ltr'>simpliciter</span> <span class='ocrx_word' id='word_1_726' title='bbox 1956 2700 2061 2738; x_wconf 91' lang='lat' dir='ltr'>omni</span> <span class='ocrx_word' id='word_1_727' title='bbox 2086 2701 2236 2739; x_wconf 89' lang='lat' dir='ltr'>homini</span> <span class='ocrx_word' id='word_1_728' title='bbox 2265 2701 2391 2739; x_wconf 88' lang='lat' dir='ltr'>dicere</span> <span class='ocrx_word' id='word_1_729' title='bbox 2425 2701 2570 2740; x_wconf 80' lang='lat' dir='ltr'>verita-</span> 
     </span>
     <span class='ocr_line' id='line_1_114' title="bbox 1503 2752 2570 2802; baseline 0.003 -13"><span class='ocrx_word' id='word_1_730' title='bbox 1503 2761 1581 2790; x_wconf 90' lang='lat' dir='ltr'>tem</span> <span class='ocrx_word' id='word_1_731' title='bbox 1603 2752 1651 2789; x_wconf 91' lang='lat' dir='ltr'>de</span> <span class='ocrx_word' id='word_1_732' title='bbox 1678 2753 1736 2789; x_wconf 89' lang='lat' dir='ltr'>his</span> <span class='ocrx_word' id='word_1_733' title='bbox 1756 2765 1855 2801; x_wconf 87' lang='lat' dir='ltr'>quae</span> <span class='ocrx_word' id='word_1_734' title='bbox 1883 2754 2073 2802; x_wconf 89' lang='lat' dir='ltr'>pertinent</span> <span class='ocrx_word' id='word_1_735' title='bbox 2091 2754 2329 2801; x_wconf 82' lang='lat' dir='ltr'>ad&#39;virtutes,</span> <span class='ocrx_word' id='word_1_736' title='bbox 2350 2752 2570 2793; x_wconf 73' lang='lat' dir='ltr'>teneretur²</span> 
     </span>
     <span class='ocr_line' id='line_1_115' title="bbox 1502 2805 2568 2858; baseline 0.004 -17"><span class='ocrx_word' id='word_1_737' title='bbox 1502 2814 1630 2842; x_wconf 86' lang='lat' dir='ltr'>tamen</span> <span class='ocrx_word' id='word_1_738' title='bbox 1650 2805 1689 2842; x_wconf 89' lang='lat' dir='ltr'>in</span> <span class='ocrx_word' id='word_1_739' title='bbox 1709 2818 1798 2843; x_wconf 88' lang='lat' dir='ltr'>casu</span> <span class='ocrx_word' id='word_1_740' title='bbox 1816 2806 1878 2843; x_wconf 91' lang='lat' dir='ltr'>illo</span> <span class='ocrx_word' id='word_1_741' title='bbox 1899 2807 1947 2843; x_wconf 89' lang='lat' dir='ltr'>de</span> <span class='ocrx_word' id='word_1_742' title='bbox 1966 2807 2024 2844; x_wconf 88' lang='lat' dir='ltr'>his</span> <span class='ocrx_word' id='word_1_743' title='bbox 2044 2807 2170 2844; x_wconf 88' lang='lat' dir='ltr'>dicere</span> <span class='ocrx_word' id='word_1_744' title='bbox 2188 2808 2389 2845; x_wconf 86' lang='lat' dir='ltr'>veritatem</span> <span class='ocrx_word' id='word_1_745' title='bbox 2411 2808 2568 2858; x_wconf 82' lang='lat' dir='ltr'>quando</span> 
     </span>
     <span class='ocr_line' id='line_1_116' title="bbox 1504 2858 2568 2908; baseline 0.004 -14"><span class='ocrx_word' id='word_1_746' title='bbox 1504 2870 1549 2895; x_wconf 86' lang='lat' dir='ltr'>ex</span> <span class='ocrx_word' id='word_1_747' title='bbox 1578 2858 1657 2895; x_wconf 92' lang='lat' dir='ltr'>eius</span> <span class='ocrx_word' id='word_1_748' title='bbox 1685 2859 1783 2896; x_wconf 85' lang='lat' dir='ltr'>facto</span> <span class='ocrx_word' id='word_1_749' title='bbox 1812 2859 1915 2896; x_wconf 89' lang='lat' dir='ltr'>alteri</span> <span class='ocrx_word' id='word_1_750' title='bbox 1942 2859 2155 2908; x_wconf 88' lang='lat' dir='ltr'>periculum</span> <span class='ocrx_word' id='word_1_751' title='bbox 2193 2860 2411 2898; x_wconf 89' lang='lat' dir='ltr'>immineret</span> <span class='ocrx_word' id='word_1_752' title='bbox 2436 2861 2476 2898; x_wconf 90' lang='lat' dir='ltr'>in</span> <span class='ocrx_word' id='word_1_753' title='bbox 2505 2861 2568 2901; x_wconf 88' lang='lat' dir='ltr'>de·</span> 
     </span>
     <span class='ocr_line' id='line_1_117' title="bbox 1502 2911 2569 2952; baseline 0.004 -4"><span class='ocrx_word' id='word_1_754' title='bbox 1502 2911 1722 2948; x_wconf 89' lang='lat' dir='ltr'>trimentum</span> <span class='ocrx_word' id='word_1_755' title='bbox 1750 2912 1897 2949; x_wconf 91' lang='lat' dir='ltr'>virtutis</span> <span class='ocrx_word' id='word_1_756' title='bbox 1926 2913 1995 2950; x_wconf 91' lang='lat' dir='ltr'>nisi</span> <span class='ocrx_word' id='word_1_757' title='bbox 2026 2913 2166 2950; x_wconf 91' lang='lat' dir='ltr'>diceret</span> <span class='ocrx_word' id='word_1_758' title='bbox 2192 2914 2403 2952; x_wconf 87' lang='lat' dir='ltr'>veritatem.</span> <span class='ocrx_word' id='word_1_759' title='bbox 2439 2913 2489 2951; x_wconf 89' lang='lat' dir='ltr'>Et</span> <span class='ocrx_word' id='word_1_760' title='bbox 2515 2913 2569 2952; x_wconf 82' lang='lat' dir='ltr'>sic</span> 
     </span>
     <span class='ocr_line' id='line_1_118' title="bbox 1505 2964 1863 3014; baseline 0.003 -13"><span class='ocrx_word' id='word_1_761' title='bbox 1505 2972 1560 3002; x_wconf 91' lang='lat' dir='ltr'>est</span> <span class='ocrx_word' id='word_1_762' title='bbox 1587 2964 1626 3001; x_wconf 91' lang='lat' dir='ltr'>in</span> <span class='ocrx_word' id='word_1_763' title='bbox 1653 2965 1863 3014; x_wconf 91' lang='lat' dir='ltr'>proposito.</span> 
     </span>
    </p>

    <p class='ocr_par' dir='ltr' id='par_1_36' title="bbox 1504 3018 2570 3279">
     <span class='ocr_line' id='line_1_119' title="bbox 1556 3018 2570 3067; baseline 0.002 -12"><span class='ocrx_word' id='word_1_764' title='bbox 1556 3020 1614 3054; x_wconf 82' lang='lat' dir='ltr'>An</span> <span class='ocrx_word' id='word_1_765' title='bbox 1653 3030 1826 3061; x_wconf 79' lang='lat' dir='ltr'><strong>QUARTUM</strong></span> <span class='ocrx_word' id='word_1_766' title='bbox 1862 3030 2046 3056; x_wconf 67' lang='lat' dir='ltr'>mcx-:Noun</span> <span class='ocrx_word' id='word_1_767' title='bbox 2084 3019 2191 3067; x_wconf 89' lang='lat' dir='ltr'>quod</span> <span class='ocrx_word' id='word_1_768' title='bbox 2223 3019 2360 3057; x_wconf 87' lang='lat' dir='ltr'>vitium</span> <span class='ocrx_word' id='word_1_769' title='bbox 2395 3019 2447 3057; x_wconf 88' lang='lat' dir='ltr'>rei</span> <span class='ocrx_word' id='word_1_770' title='bbox 2482 3018 2570 3059; x_wconf 75' lang='lat' dir='ltr'>facit</span> 
     </span>
     <span class='ocr_line' id='line_1_120' title="bbox 1504 3071 2568 3121; baseline 0.002 -14"><span class='ocrx_word' id='word_1_771' title='bbox 1504 3083 1586 3108; x_wconf 89' lang='lat' dir='ltr'>rem</span> <span class='ocrx_word' id='word_1_772' title='bbox 1615 3071 1652 3108; x_wconf 92' lang='lat' dir='ltr'>in</span> <span class='ocrx_word' id='word_1_773' title='bbox 1680 3071 1869 3120; x_wconf 89' lang='lat' dir='ltr'>praesenti</span> <span class='ocrx_word' id='word_1_774' title='bbox 1899 3084 1980 3108; x_wconf 91' lang='lat' dir='ltr'>esse</span> <span class='ocrx_word' id='word_1_775' title='bbox 2010 3071 2167 3109; x_wconf 90' lang='lat' dir='ltr'>minoris</span> <span class='ocrx_word' id='word_1_776' title='bbox 2193 3072 2334 3109; x_wconf 89' lang='lat' dir='ltr'>valoris</span> <span class='ocrx_word' id='word_1_777' title='bbox 2369 3084 2486 3121; x_wconf 83' lang='lat' dir='ltr'>quam</span> <span class='ocrx_word' id='word_1_778' title='bbox 2512 3071 2568 3109; x_wconf 85' lang='lat' dir='ltr'>vi·</span> 
     </span>
     <span class='ocr_line' id='line_1_121' title="bbox 1505 3124 2568 3173; baseline 0.002 -13"><span class='ocrx_word' id='word_1_779' title='bbox 1505 3124 1659 3161; x_wconf 88' lang='lat' dir='ltr'>deatur:</span> <span class='ocrx_word' id='word_1_780' title='bbox 1690 3124 1757 3161; x_wconf 86' lang='lat' dir='ltr'>sed</span> <span class='ocrx_word' id='word_1_781' title='bbox 1786 3124 1822 3160; x_wconf 92' lang='lat' dir='ltr'>in</span> <span class='ocrx_word' id='word_1_782' title='bbox 1861 3137 1951 3161; x_wconf 89' lang='lat' dir='ltr'>casu</span> <span class='ocrx_word' id='word_1_783' title='bbox 1978 3124 2213 3173; x_wconf 89' lang='lat' dir='ltr'>praemisso,</span> <span class='ocrx_word' id='word_1_784' title='bbox 2242 3125 2280 3162; x_wconf 93' lang='lat' dir='ltr'>in</span> <span class='ocrx_word' id='word_1_785' title='bbox 2313 3126 2479 3162; x_wconf 86' lang='lat' dir='ltr'>futurum</span> <span class='ocrx_word' id='word_1_786' title='bbox 2509 3137 2568 3162; x_wconf 90' lang='lat' dir='ltr'>res</span> 
     </span>
     <span class='ocr_line' id='line_1_122' title="bbox 1505 3177 2566 3227; baseline 0.003 -15"><span class='ocrx_word' id='word_1_787' title='bbox 1505 3184 1721 3224; x_wconf 87' lang='lat' dir='ltr'>expectatur</span> <span class='ocrx_word' id='word_1_788' title='bbox 1745 3189 1827 3213; x_wconf 89' lang='lat' dir='ltr'>esse</span> <span class='ocrx_word' id='word_1_789' title='bbox 1855 3177 2010 3214; x_wconf 91' lang='lat' dir='ltr'>minoris</span> <span class='ocrx_word' id='word_1_790' title='bbox 2029 3177 2169 3215; x_wconf 90' lang='lat' dir='ltr'>valoris</span> <span class='ocrx_word' id='word_1_791' title='bbox 2196 3190 2266 3226; x_wconf 93' lang='lat' dir='ltr'>per</span> <span class='ocrx_word' id='word_1_792' title='bbox 2293 3185 2566 3227; x_wconf 85' lang='lat' dir='ltr'>superventum</span> 
     </span>
     <span class='ocr_line' id='line_1_123' title="bbox 1505 3229 2567 3279; baseline 0.003 -14"><span class='ocrx_word' id='word_1_793' title='bbox 1505 3229 1793 3276; x_wconf 89' lang='lat' dir='ltr'>negotiatorum,</span> <span class='ocrx_word' id='word_1_794' title='bbox 1815 3230 1879 3277; x_wconf 92' lang='lat' dir='ltr'>qui</span> <span class='ocrx_word' id='word_1_795' title='bbox 1900 3230 1948 3266; x_wconf 90' lang='lat' dir='ltr'>ab</span> <span class='ocrx_word' id='word_1_796' title='bbox 1970 3230 2182 3267; x_wconf 89' lang='lat' dir='ltr'>ementibus</span> <span class='ocrx_word' id='word_1_797' title='bbox 2200 3231 2394 3279; x_wconf 89' lang='lat' dir='ltr'>ignoratur</span> <span class='ocrx_word' id='word_1_798' title='bbox 2407 3237 2435 3268; x_wconf 67' lang='grc' dir='ltr'>μ.</span> <span class='ocrx_word' id='word_1_799' title='bbox 2456 3231 2567 3268; x_wconf 90' lang='lat' dir='ltr'>Unde</span> 
     </span>
    </p>
   </div>
   <div class='ocr_carea' id='block_1_21' title="bbox 1506 3341 2567 3553">
    <p class='ocr_par' dir='ltr' id='par_1_37' title="bbox 1558 3341 2002 3375">
     <span class='ocr_line' id='line_1_124' title="bbox 1558 3341 2002 3375; baseline 0.005 -9"><span class='ocrx_word' id='word_1_800' title='bbox 1558 3341 1582 3375; x_wconf 85' lang='grc' dir='ltr'>θ)</span> <span class='ocrx_word' id='word_1_801' title='bbox 1602 3343 1764 3368; x_wconf 81' lang='lat' dir='ltr'>vendendae.</span> <span class='ocrx_word' id='word_1_802' title='bbox 1776 3356 1794 3362; x_wconf 93' lang='lat'><em>—</em></span> <span class='ocrx_word' id='word_1_803' title='bbox 1814 3343 1937 3368; x_wconf 82' lang='lat' dir='ltr'>venditae</span> <span class='ocrx_word' id='word_1_804' title='bbox 1956 3344 2002 3368; x_wconf 85' lang='lat' dir='ltr'>Pa.</span> 
     </span>
    </p>

    <p class='ocr_par' dir='ltr' id='par_1_38' title="bbox 1506 3378 2567 3482">
     <span class='ocr_line' id='line_1_125' title="bbox 1558 3378 2567 3412; baseline 0.001 -9"><span class='ocrx_word' id='word_1_805' title='bbox 1558 3379 1576 3410; x_wconf 87' lang='grc' dir='ltr'>ι)</span> <span class='ocrx_word' id='word_1_806' title='bbox 1595 3378 1738 3403; x_wconf 85' lang='lat' dir='ltr'>secundum</span> <span class='ocrx_word' id='word_1_807' title='bbox 1754 3386 1828 3410; x_wconf 85' lang='lat' dir='ltr'>quas.</span> <span class='ocrx_word' id='word_1_808' title='bbox 1840 3392 1860 3397; x_wconf 98' lang='lat'>-</span> <span class='ocrx_word' id='word_1_809' title='bbox 1878 3378 1904 3403; x_wconf 84' lang='lat' dir='ltr'>in</span> <span class='ocrx_word' id='word_1_810' title='bbox 1918 3386 1983 3411; x_wconf 81' lang='lat' dir='ltr'>quas</span> <span class='ocrx_word' id='word_1_811' title='bbox 1998 3379 2194 3410; x_wconf 74' lang='lat' dir='ltr'>ABCEFIKLx,</span> <span class='ocrx_word' id='word_1_812' title='bbox 2209 3380 2236 3404; x_wconf 80' lang='lat' dir='ltr'>in</span> <span class='ocrx_word' id='word_1_813' title='bbox 2252 3380 2345 3412; x_wconf 79' lang='lat' dir='ltr'>quibus</span> <span class='ocrx_word' id='word_1_814' title='bbox 2363 3380 2395 3410; x_wconf 91' lang='lat' dir='ltr'>G,</span> <span class='ocrx_word' id='word_1_815' title='bbox 2409 3380 2567 3412; x_wconf 78' lang='lat' dir='ltr'>inquantum</span> 
     </span>
     <span class='ocr_line' id='line_1_126' title="bbox 1506 3414 2424 3482; baseline 0.002 -10"><span class='ocrx_word' id='word_1_816' title='bbox 1506 3414 1635 3480; x_wconf 59' lang='lat' dir='ltr'>ed&#39;x‘i’ei.</span> <span class='ocrx_word' id='word_1_817' title='bbox 1649 3463 1667 3467; x_wconf 95' lang='lat'><em>-</em></span> <span class='ocrx_word' id='word_1_818' title='bbox 1686 3449 1726 3473; x_wconf 73' lang='lat' dir='ltr'>rei</span> <span class='ocrx_word' id='word_1_819' title='bbox 1745 3449 1924 3482; x_wconf 65' lang='lat' dir='ltr'>AssssrxpcK,</span> <span class='ocrx_word' id='word_1_820' title='bbox 1943 3450 1984 3474; x_wconf 66' lang='lat' dir='ltr'>rei</span> <span class='ocrx_word' id='word_1_821' title='bbox 2001 3450 2026 3475; x_wconf 70' lang='lat' dir='ltr'>ei</span> <span class='ocrx_word' id='word_1_822' title='bbox 2044 3450 2137 3475; x_wconf 76' lang='lat' dir='ltr'>Pfflsc</span> <span class='ocrx_word' id='word_1_823' title='bbox 2156 3455 2181 3475; x_wconf 78' lang='lat' dir='ltr'>et</span> <span class='ocrx_word' id='word_1_824' title='bbox 2199 3457 2224 3479; x_wconf 77' lang='lat' dir='ltr'>a,</span> <span class='ocrx_word' id='word_1_825' title='bbox 2245 3450 2285 3475; x_wconf 76' lang='lat' dir='ltr'>ret</span> <span class='ocrx_word' id='word_1_826' title='bbox 2303 3450 2343 3475; x_wconf 80' lang='lat'>1&#39;111&#39;</span> <span class='ocrx_word' id='word_1_827' title='bbox 2361 3451 2424 3474; x_wconf 61' lang='grc' dir='ltr'>[εκ.</span> 
     </span>
    </p>

    <p class='ocr_par' dir='ltr' id='par_1_39' title="bbox 1557 3483 2079 3514">
     <span class='ocr_line' id='line_1_127' title="bbox 1557 3483 2079 3514; baseline 0.004 -6"><span class='ocrx_word' id='word_1_828' title='bbox 1557 3483 1584 3514; x_wconf 88' lang='grc' dir='ltr'>λ)</span> <span class='ocrx_word' id='word_1_829' title='bbox 1601 3487 1744 3509; x_wconf 83' lang='lat' dir='ltr'>teneretur.</span> <span class='ocrx_word' id='word_1_830' title='bbox 1755 3498 1774 3503; x_wconf 93' lang='lat'>-</span> <span class='ocrx_word' id='word_1_831' title='bbox 1793 3487 1898 3509; x_wconf 86' lang='lat' dir='ltr'>tenetur</span> <span class='ocrx_word' id='word_1_832' title='bbox 1916 3485 2079 3510; x_wconf 82' lang='lat' dir='ltr'>PCDGHsK.</span> 
     </span>
    </p>

    <p class='ocr_par' dir='ltr' id='par_1_40' title="bbox 1559 3519 2081 3553">
     <span class='ocr_line' id='line_1_128' title="bbox 1559 3519 2081 3553; baseline 0.004 -10"><span class='ocrx_word' id='word_1_833' title='bbox 1559 3522 1587 3553; x_wconf 81' lang='grc' dir='ltr'>μ.)</span> <span class='ocrx_word' id='word_1_834' title='bbox 1608 3519 1760 3551; x_wconf 74' lang='lat' dir='ltr'>ignoratur.</span> <span class='ocrx_word' id='word_1_835' title='bbox 1773 3533 1791 3538; x_wconf 91' lang='lat'><em>-</em></span> <span class='ocrx_word' id='word_1_836' title='bbox 1810 3520 1973 3552; x_wconf 84' lang='lat' dir='ltr'>ignorantur</span> <span class='ocrx_word' id='word_1_837' title='bbox 1993 3521 2081 3545; x_wconf 76' lang='lat' dir='ltr'>PDsC.</span> 
     </span>
    </p>
   </div>
  </div>
 </body>
</html>
