2860 4244
71 520 81 529 ⁸
97 518 162 540 Vers.
180 524 208 545 ¹9·

63 2453 222 2504 ntssig'adxke
269 2471 274 2481 ’

62 2487 275 2534 labbeo-ulad&

0 2578 13 2593 ,¹
62 2533 274 2587 {3‘221·,2⁵1·.⁹'12·.·⁰.23:

58 2586 163 2642 &2⁶¹

199 2587 266 2610 citro

148 2604 275 2636 mimz

63 3295 151 3318 'Cum

192 3296 203 3318 ἰ
220 3298 273 3326 quis

61 3441 73 3472 ᾖ
87 3440 143 3463 Can.
161 3442 272 3471 Quisquis

63 3470 175 3490 inventus.

977 333 1244 379 QUAESTIO
1275 335 1414 382 XCIX,
1444 336 1742 373 ARTICULUS
1773 337 1824 374 IV

311 410 383 446 loci
413 411 608 448 ordinatur
627 413 674 449 ad
695 412 929 449 sanctitatem
951 412 1128 459 hominis,
1151 413 1213 461 qui
1230 413 1266 450 in
1287 414 1371 450 loco

2412 339 2486 386 349

1427 414 1670 463 Quicumque
1706 422 1834 452 autern
1874 423 2005 452 contra
2033 416 2303 464 quodcumque
2339 417 2487 464 praedi-

311 475 418 500 sacro
449 465 591 502 cultum
622 465 770 502 exhibet
797 466 898 502 Deo:
929 465 1063 502 dicitur
1093 466 1189 502 enim
1222 468 1252 503 II
1282 468 1371 503 Ma·
1397 472 1399 503 i
1427 474 1574 504 ctorum
1603 475 1745 516 peccat,
1777 468 1920 505 crimen
1949 469 2129 516 sacrilegii
2160 469 2324 506 incurrit.

310 517 416 553 chah.
445 529 470 553 v
488 517 527 554 *x
556 518 647 555 Non
670 523 828 566 propter
855 519 977 555 locum
996 525 1166 568 gentem,
1196 521 1261 556 sed
1282 532 1371 567 pro·
1397 530 1398 543 ¹

303 574 391 617 pter
416 576 564 619 gentem
588 571 775 610 Dominus
802 571 926 607 locum
955 571 1076 621 elegit.
1107 572 1155 608 Et
1174 572 1259 608 ideo
1289 584 1370 619 gra·
1397 612 1398 618 χ

309 622 395 659 vius
422 632 623 671 peccatum
654 632 709 660 est
728 624 964 671 sacrilegium
985 636 1063 672 quo
1083 633 1262 673 peccatur
1282 637 1371 662 con-
1396 623 1398 639 ‘

1396 675 1398 727 ζ
1426 677 1635 714 differentia
1664 680 1877 726 materialis,
1908 681 1975 717 sed
2004 681 2184 718 formalis.

289 683 366 711 -tra
394 688 598 724 personam
620 689 764 713 sacram
787 689 902 724 quam
933 689 1009 725 quo
1038 685 1216 725 peccatur
1241 686 1370 714 contra

310 729 438 765 locum
467 741 628 766 sacrum.
660 729 755 766 Sunt
783 737 911 766 tamen
940 730 978 766 in
1005 738 1162 779 utraque
1192 731 1371 778 sacrilegii

310 781 436 830 specie
456 781 594 818 diversi
613 782 762 829 gradus,
784 782 995 819 secundum
1017 783 1264 820 differentiam
1286 795 1368 831 per·
1395 804 1397 812 ‹

309 846 491 871 sonarum
521 842 558 871 et
584 835 757 871 locorum
787 847 995 872 sacrorum.

363 886 541 923 Similiter
569 887 680 924 etiam
703 896 738 924 et
756 888 863 924 tertia
883 889 1028 937 species
1049 889 1241 937 sacrilegii,
1271 901 1368 938 quae

309 939 406 976 circa
434 939 524 976 alias
545 952 603 976 res
633 952 756 977 sacras
778 942 1034 988 committitur,
1057 942 1227 979 diversos
1255 942 1370 978 habet
1395 962 1396 970 κ

307 992 456 1040 gradus,
483 993 693 1030 secundum
724 994 976 1032 differentiam
1006 1007 1198 1032 sacrarum
1228 1007 1368 1031 rerum.

309 1046 409 1082 Inter
436 1058 531 1094 quas
559 1059 756 1084 summum
776 1048 904 1084 locum
933 1048 1105 1085 obtinent
1133 1048 1213 1095 ipsa
1245 1059 1366 1084 sacra-

307 1106 448 1145 menta,
478 1099 616 1147 quibus
635 1101 754 1137 homo
775 1101 1047 1138 sanctificatur:
1077 1112 1241 1149 quorum
1262 1112 1369 1148 prae-

307 1151 463 1200 cipuum
511 1161 566 1189 est
608 1153 866 1190 Eucharistiae
913 1161 1219 1199 sacramentum,
1263 1154 1395 1201 quod.

307 1205 475 1242 continet
509 1206 634 1254 ipsum
673 1206 878 1242 Christum.
922 1207 971 1243 Et
1007 1206 1092 1243 ideo
1129 1206 1367 1254 sacrilegium

306 1258 414 1306 quod
442 1267 580 1307 contra,
601 1259 676 1296 hoc
704 1267 984 1296 sacramentum
1014 1259 1258 1297 committitur
1286 1272 1367 1307 gra-

305 1311 506 1349 vissimum
541 1319 596 1348 est
633 1311 728 1348 inter
761 1312 904 1349 omnia.
943 1333 967 1340 -
1005 1314 1096 1349 Post
1130 1321 1394 1350 sacramenta}

306 1372 448 1411 autem,
469 1364 682 1401 secundum
712 1366 840 1401 locum
868 1373 998 1402 tenent
1023 1378 1117 1403 vasa
1147 1374 1367 1402 consecrata
1393 1362 1395 1404 ἰ

1478 522 1537 556 An
1573 532 1709 557 PmMUM
1743 533 1841 558 ERGO
1877 534 2060 558 nicENnUM
2098 522 2204 571 quod
2241 534 2319 559 non
2358 530 2412 558 est
2447 522 2485 559 in

1427 573 1604 609 omnibus
1638 574 1838 621 praedictis
1857 574 1877 596 '¹‘
1896 575 2031 611 eadem
2062 575 2154 612 ratio
2184 575 2398 612 sanctitatis.
2438 576 2485 611 Et

1425 625 1512 661 ideo
1542 626 1754 663 differentia
1783 639 1974 663 sacrarum
2012 640 2138 665 rerum
2168 641 2246 665 non
2275 629 2399 665 solum
2429 636 2485 664 est

1478 732 1536 766 AD
1561 743 1750 769 SECUNDUM
1772 745 1955 770 DlCENDUM
1980 736 2083 781 quod
2106 734 2195 771 nihil
2214 734 2391 783 prohibet
2419 734 2483 770 ali-

1424 795 1501 830 qua
1521 783 1598 819 duo
1628 785 1839 822 secundum
1864 786 2003 835 aliquid
2034 800 2115 824 esse
2135 787 2246 823 unius
2275 787 2426 836 speciei,
2449 795 2485 824 et

1424 836 1636 873 secundum
1666 838 1767 874 aliud
1797 839 2031 876 diversarum
2060 846 2091 876 E:
2122 841 2216 877 sicut
2246 841 2420 877 Socrates
2450 849 2485 877 et

1425 889 1531 924 Plato
1571 890 1803 927 conveniunt
1840 891 1877 928 in
1915 893 2040 940 specie
2076 893 2266 939 animalis,
2307 894 2484 931 differunt

1424 949 1550 978 autem
1590 941 1626 978 in
1664 944 1788 991 specie
1823 946 1997 992 colorati,
2028 946 2057 982 si
2095 959 2192 983 unus
2226 946 2271 983 sit
2308 948 2415 983 albus
2450 955 2484 984 et

1423 994 1518 1030 alius
1548 994 1663 1042 niger.
1702 997 1750 1032 Et
1779 996 1947 1034 similiter
1982 998 2094 1035 etIam
2122 999 2301 1048 possibile
2332 1009 2386 1037 est
2421 1000 2485 1037 ali-

1423 1059 1500 1094 qua
1527 1048 1605 1084 duo
1638 1057 1794 1096 peccata
1827 1050 1978 1087 differre
2007 1052 2131 1099 specie
2166 1053 2376 1090 secundum
2405 1066 2484 1090 ma-

1422 1100 1570 1137 teriales
1599 1109 1715 1148 actus,
1739 1103 1943 1140 convenire
1973 1112 2100 1140 autem
2130 1105 2167 1141 in
2197 1106 2322 1153 specie
2351 1119 2484 1143 secun-

1423 1153 1514 1190 dum
1550 1166 1669 1190 unam
1706 1155 1889 1192 rationem
1921 1157 2118 1194 formalem
2155 1159 2356 1206 sacrilegii:
2394 1167 2485 1208 puta

1423 1206 1453 1243 si
1472 1207 1556 1255 quis
1576 1207 1904 1246 sanctimonialem
1924 1210 2123 1247 violaverit
2145 1212 2396 1259 verberando,
2422 1214 2483 1250 vel

1393 1255 1395 1272 ³
1423 1261 1730 1298 concumbendo.

1474 1315 1533 1350 AD
1571 1325 1731 1351 TERT1UM
1766 1327 1950 1352 DICENDUM
1985 1317 2089 1364 quod
2128 1329 2243 1353 omne
2283 1327 2483 1366 peccatum

1422 1367 1526 1415 quod
1555 1379 1661 1403 sacra
1690 1380 1853 1417 persona
1883 1369 2100 1415 committit,
2131 1370 2372 1407 materialiter
2404 1372 2483 1420 qui-

305 1417 353 1454 ad
383 1425 709 1454 sacramentorum
747 1418 1049 1467 susceptionem;
1081 1426 1117 1455 et
1144 1419 1249 1467 ipsae
1273 1419 1365 1456 ima·
1393 1415 1395 1457 ἰ
1422 1420 1510 1456 dem
1541 1427 1576 1456 et
1596 1421 1701 1468 quasi
1721 1433 1789 1469 per
1817 1421 1990 1459 accidens
2011 1431 2066 1459 est
2094 1423 2350 1471 sacrilegium:
2380 1425 2482 1462 unde

304 1469 409 1518 gines
452 1483 601 1518 sacrae,
641 1479 677 1507 et
713 1479 930 1508 sanctorum
975 1472 1174 1522 reliquiae,
1211 1472 1248 1509 in
1286 1472 1368 1520 qui-

305 1523 376 1560 bus
397 1524 687 1573 quodammodo
717 1524 822 1574 ipsae
846 1537 1033 1574 personae
1064 1534 1280 1562 sanctorum
1300 1538 1366 1562 ve-

303 1585 483 1615 nerantur
501 1579 564 1614 vel
592 1577 888 1615 dehonorantur.
923 1578 1072 1615 Deinde
1102 1590 1146 1614 ea
1166 1591 1263 1627 quae
1283 1590 1367 1626 per-

303 1629 424 1667 tinent
441 1631 490 1668 ad
519 1639 695 1668 ornatum
723 1631 903 1668 ecclesiae
932 1639 968 1667 et
991 1631 1262 1668 ministrorum.
1293 1632 1368 1667 De-

303 1682 392 1720 inde
430 1696 475 1720 ea
513 1696 610 1732 quae
643 1692 731 1721 sunt
758 1685 937 1732 deputata
969 1684 1017 1721 ad
1054 1684 1367 1721 sustentationem
1394 1690 1397 1729 3

1423 1473 1682 1521 Hieronymus
1701 1473 1721 1495 ³¹⁵
1741 1474 1830 1511 dicit
1858 1475 1963 1522 quod
1983 1488 2110 1525 nugae
2138 1477 2174 1513 in
2200 1489 2266 1513 ore
2283 1478 2484 1515 sacerdotis

1421 1526 1662 1576 sacrilegium
1691 1533 1779 1564 sunt
1802 1528 1862 1564 vel
1888 1529 2129 1577 blasphemia.
2165 1530 2194 1566 F
2198 1531 2391 1568 ormaliter
2419 1544 2483 1568 au-

1422 1587 1499 1615 tem
1531 1587 1565 1616 et
1584 1580 1735 1628 proprie
1755 1580 1843 1617 illud
1872 1583 1996 1618 solum
2015 1591 2213 1631 peccatum
2244 1596 2372 1621 sacrae
2401 1597 2483 1633 per-

1394 1647 1396 1678 μ
1423 1644 1540 1668 sonae
1569 1633 1805 1681 sacrilegium
1836 1642 1891 1670 est
1919 1636 2023 1683 quod
2047 1636 2167 1683 agitur
2196 1637 2334 1674 directe
2355 1646 2485 1674 contra

1424 1685 1503 1721 eius
1532 1686 1786 1722 sanctitatem:
1815 1695 1906 1735 puta
1930 1688 1959 1724 si
1988 1688 2095 1737 virgo
2116 1690 2200 1726 Deo
2221 1690 2342 1727 dicata
2371 1691 2485 1728 forni-

303 1736 583 1784 ministrorum,
617 1737 696 1774 sive
725 1737 798 1774 sint
834 1737 990 1774 mobilia
1028 1737 1107 1774 sive
1146 1737 1367 1775 immobilia.
1395 1731 1397 1759 ⁵
1425 1746 1548 1784 cetur3
1580 1746 1615 1775 et
1644 1740 1778 1776 eadem
1809 1740 1902 1776 ratio
1933 1749 1988 1777 est
2014 1742 2051 1778 in
2080 1742 2171 1779 aliis.

354 1849 376 1882 ε)
397 1850 575 1876 diversarum.
587 1863 608 1870 —
626 1851 793 1876 diversorum
813 1851 987 1884 ABCFIpDK.

1261 1932 1309 1937 *Af*
1316 1930 1502 1937 νΜᾺΝΑκ»
1515 1931 1525 1936 s

1080 2006 1396 2048 ARTICULUS
1427 2006 1700 2058 QUARTUS

796 2097 951 2128 UTRUM
974 2098 1118 2130 POENA
1143 2098 1383 2130 sAcmLEGn
1407 2099 1580 2130 DEBEAT
1604 2099 1704 2131 ESSE
1728 2100 1990 2132 PECUNIARIA

486 2203 490 2213 r
513 2196 536 2221 D
554 2195 728 2226 QUARTUM
747 2197 800 2222 s1c
820 2197 1061 2223 PnocEmTUR.
1081 2186 1242 2223 Videtur
1261 2187 1366 2236 quod

389 2198 399 2222 ε
424 2211 450 2224 ,1

434 2223 641 2293 ἳροεῃει
678 2237 860 2286 sacrilegii
897 2251 976 2276 non
1015 2239 1152 2277 debeat
1191 2252 1272 2277 esse
1301 2253 1366 2289 pe-

324 2287 356 2329 f
408 2303 442 2329 ⁷,
464 2292 485 2327 (z
515 2290 694 2328 cuniaria.
734 2292 865 2328 Poena
903 2292 1005 2329 enirn
1041 2293 1259 2342 pecuniaria
1287 2306 1366 2331 non
1392 2294 1393 2341 3

1391 2387 1393 2391 ¹
1421 2345 1477 2382 dis
1506 2346 1582 2383 duo
1613 2355 1699 2385 sunt
1728 2348 2015 2385 consideranda.
2046 2349 2175 2386 Primo
2212 2351 2389 2399 quidem,
2420 2364 2481 2388 ae-

364 2332 504 2373 ””“ἶ”“·’)χ·<
535 2345 610 2381 olet
637 2344 784 2393 imponi
812 2357 882 2393 pro
912 2346 1022 2394 culpa
1052 2346 1245 2383 criminali.
1286 2347 1363 2384 Sed

302 2396 541 2443 sacrilegium
581 2406 635 2434 est
670 2398 780 2446 culpa
816 2398 1039 2435 criminalis:
1077 2400 1179 2436 unde
1218 2400 1365 2448 capitali

302 2449 486 2486 sententia
515 2450 668 2499 punitur
693 2452 904 2488 secundum
934 2452 1034 2500 leges
1055 2453 1182 2489 civiles
1201 2453 1231 2489 *.
1262 2454 1364 2502 Ergo
1390 2469 1391 2476 ¹

302 2502 539 2550 sacrilegium
569 2516 647 2540 non
678 2503 790 2541 debet
817 2504 943 2552 puniri
971 2517 1097 2553 poena
1133 2506 1362 2554 pecuniaria.

355 2567 391 2592 2.
421 2556 654 2603 PRAETEREA,
685 2557 786 2594 idem
817 2566 1018 2606 peccatum
1047 2572 1125 2596 non
1156 2560 1268 2596 debet
1297 2562 1364 2598 du-

299 2609 386 2658 plici
415 2621 541 2657 poena
570 2610 710 2658 puniri:
741 2611 954 2648 secundum
983 2612 1073 2649 illud
1102 2613 1259 2649 Nahum
1289 2625 1297 2649 ι
1326 2613 1362 2650 *z
1389 2601 1391 2652 3

1392 2214 1393 2220 ,
1424 2186 1598 2235 Quisquis
1632 2187 1802 2224 inventus
1818 2189 1944 2236 suerit
1969 2201 2055 2226 reus
2091 2190 2298 2240 sacrilegii,
2328 2191 2482 2242 triginta

1420 2239 1542 2276 libras·
1563 2241 1716 2290 argenti
1741 2243 1950 2278 examinati
1969 2243 2166 2290 purissimi
2192 2252 2401 2292 componat.

1474 2293 1700 2331 RESPONDEO
1736 2306 1920 2332 DICENDUM
1950 2296 2054 2344 quod
2081 2296 2119 2333 in
2146 2297 2281 2345 poenis
2310 2298 2480 2346 infligen-

1419 2399 1590 2447 qualitas,
1621 2402 1669 2438 ad
1698 2401 1772 2437 hoc
1800 2403 1903 2449 quod
1933 2414 2059 2450 poena
2088 2403 2133 2439 sit
2161 2403 2277 2440 iusta:
2307 2412 2348 2440 ut
2385 2405 2479 2441 scili-

1420 2460 1478 2488 cet
1505 2453 1542 2489 in
1572 2465 1645 2502 quo
1674 2455 1755 2501 quis
1781 2460 1934 2502 peccat,
1967 2467 2040 2503 per
2067 2457 2138 2492 hoc
2174 2462 2410 2505 torqueatur,
2440 2466 2480 2495 ut

1419 2505 1553 2542 dicitur
1571 2508 1658 2555 Sap.
1679 2519 1714 2543 xl
1733 2508 1763 2543 *.
1794 2508 1842 2544 Et
1861 2508 1935 2544 hoc
1955 2509 2074 2545 modo
2097 2510 2331 2547 conveniens
2353 2523 2480 2559 poena

1418 2559 1586 2607 sacrilegi
1616 2559 1641 2606 β,
1672 2560 1736 2608 qui
1757 2561 1871 2597 sacris
1901 2561 2074 2598 iniuriam
2096 2562 2215 2609 infert,
2245 2572 2300 2600 est
2328 2576 2479 2601 excom-

1418 2612 1624 2649 municatio
1639 2613 1670 2659 ³¹⁶,
1686 2625 1755 2661 per
1775 2626 1891 2661 quam
1912 2627 1933 2651 a
1953 2615 2068 2651 sacris
2084 2625 2241 2653 arcetur.
2258 2638 2282 2644 -
2299 2618 2478 2655 Secundo

299 2662 390 2698 Non
419 2669 622 2713 consurget
648 2664 788 2712 duplex
815 2664 1015 2701 tribulatio.
1047 2665 1124 2702 Sed
1152 2678 1278 2714 poena
1307 2679 1364 2703 sa·
1389 2658 1390 2726 3
1418 2673 1546 2702 autern
1577 2666 1836 2704 consideratur
1873 2668 2029 2705 utilitas:
2060 2681 2150 2705 nam
2187 2682 2335 2718 poenae
2370 2671 2478 2718 quasi

301 2713 437 2762 crilegii
481 2723 535 2752 est
573 2717 934 2754 excommunicatio:
970 2719 1093 2755 maior
1134 2719 1289 2767 quidem
1333 2720 1363 2756 si
1388 2727 1390 2775 3
1417 2718 1630 2756 medicinae
1659 2720 1848 2767 quaedam
1880 2721 2110 2769 infliguntur,
2132 2730 2173 2759 ut
2192 2723 2249 2759 his
2270 2723 2383 2760 territi
2411 2725 2479 2761 ho-

298 2767 479 2805 violentia
516 2768 695 2806 inferatur
722 2770 760 2807 in
798 2783 1002 2819 personam
1036 2784 1204 2819 sacram,
1235 2773 1295 2808 vel
1334 2785 1364 2809 si

301 2821 435 2868 aliquis
473 2821 649 2859 incendat
685 2824 747 2860 vel
789 2824 934 2871 frangat
976 2825 1194 2870 ecclesiam,
1239 2825 1364 2862 minor

300 2881 428 2910 autem
458 2874 495 2910 in
525 2874 605 2911 aliis
634 2876 847 2923 sacrilegiis.
878 2878 981 2924 Ergo
1011 2890 1089 2914 non
1110 2878 1223 2914 debet
1251 2878 1362 2914 sacri·
1388 2874 1389 2886 ³

1387 2939 1389 2978 ᾗ
1417 2930 1603 2977 dicuntur,
1635 2931 1682 2968 de
1711 2932 1849 2979 quibus
1878 2945 1954 2969 non
1989 2942 2103 2970 curat.
2142 2934 2191 2970 Et
2218 2934 2305 2971 ideo
2344 2948 2476 2972 secun-

356 2981 390 3017 3.
418 2980 650 3027 PRAETEREA,
673 2983 879 3030 Apostolus
909 2982 1006 3028 dicit,
1029 2982 1041 3018 I
1063 2983 1115 3019 ad
1135 2982 1258 3019 Thess.
1281 2995 1304 3019 11
1323 2983 1360 3019 *ι
1387 3004 1389 3011 ·

299 3033 390 3070 Non
415 3033 560 3080 fuimus
579 3033 781 3082 aliquando
802 3035 838 3071 in
855 3036 1050 3072 occasione
1067 3036 1262 3072 avaritiae.
1286 3036 1361 3073 Sed
1387 3034 1389 3077 ᾖ

299 3087 373 3123 hoc
401 3086 553 3123 videtur
586 3087 634 3123 ad
679 3088 920 3124 occasionem
959 3088 1137 3125 avaritiae
1174 3089 1388 3136 pertinere*

300 3140 404 3187 quod
435 3151 560 3187 poena
597 3140 816 3188 pecuniaria
851 3141 1020 3188 exigatur
1055 3153 1126 3189 pro
1153 3141 1360 3178 violatione
1386 3156 1388 3176 z

300 2927 439 2974 legium
469 2927 594 2976 puniri
622 2940 748 2976 poena
777 2929 1005 2977 pecuniaria.

300 3193 351 3228 rei
381 3204 522 3229 sacrae.
562 3193 664 3241 Ergo
702 3205 780 3230 non
817 3193 968 3231 videtur
1003 3194 1085 3231 talis
1122 3206 1248 3243 poena
1277 3207 1360 3232 esse

300 3245 533 3282 conveniens
562 3245 757 3294 sacrilegii.

355 3299 429 3335 SED
462 3310 608 3336 CONTRA
636 3311 702 3336 Esr
729 3300 835 3348 quod
868 3299 1001 3337 dicitur
1028 3301 1146 3347 XVII,
1172 3313 1234 3349 qu.
1261 3313 1296 3338 1v
1323 3300 1358 3338 *τ

299 3352 341 3388 Si
367 3352 448 3400 quis
476 3357 683 3388 contumax
700 3353 760 3389 vel
785 3354 967 3401 superbus
977 3354 1189 3403 fugitivum
1208 3366 1359 3391 servum

299 3405 344 3441 de
371 3406 468 3442 atrio
496 3405 672 3441 ecclesiae
694 3417 766 3453 per
784 3406 860 3442 vim
881 3407 1110 3443 abstraxerit
1132 3412 1160 3453 α,
1191 3419 1359 3457 nongen-

1417 2771 1540 2808 mines
1569 2785 1591 2808 a
1618 2773 1816 2821 peccando
1836 2779 1851 2801 Υ
1872 2774 2062 2811 desistant.
2094 2776 2304 2823 Sacrilegus
2332 2785 2476 2824 autem,

1416 2825 1480 2873 qui
1510 2837 1617 2861 sacra
1637 2838 1715 2862 non
1735 2834 1941 2872 reveretur,
1972 2839 2051 2863 non
2070 2829 2301 2865 sufficienter
2327 2830 2479 2866 videtur

1417 2890 1439 2913 a
1466 2878 1663 2926 peccando
1693 2879 1811 2915 arceri
1838 2891 1908 2927 per
1934 2881 2008 2916 hoc
2037 2881 2141 2927 quod
2172 2882 2204 2917 ei
2234 2894 2339 2918 sacra
2367 2883 2478 2919 inter-

1417 2983 1508 3019 dum
1537 2984 1638 3031 leges
1666 2985 1854 3021 humanas
1889 2985 2089 3022 adhibetur
2109 2987 2242 3035 capitis
2259 2985 2271 3009 δ
2291 3000 2416 3037 poena
2435 2989 2475 3035 *3

1416 3037 1627 3072 secundum
1656 3050 1749 3074 vero
1771 3038 1963 3075 Ecclesiae
1989 3039 2226 3087 sententiam,
2257 3047 2355 3088 quae
2376 3054 2476 3079 mor-

1416 3097 1491 3126 tem
1523 3091 1762 3138 corporalem
1792 3103 1870 3127 non
1899 3091 2040 3139 infligit,
2071 3093 2271 3131 adhibetur
2298 3095 2476 3143 pecunia-

1415 3142 1469 3178 ria
1497 3154 1624 3190 poena
1652 3142 1690 3179 *z
1721 3151 1762 3179 ut
1790 3145 1922 3181 saltem
1952 3145 2086 3193 poenis
2114 3148 2384 3195 temporalibus
2409 3149 2476 3185 ho-

1416 3195 1538 3231 mines
1567 3208 1588 3232 a
1618 3196 1817 3244 sacrilegiis
1846 3206 2084 3235 revocentur.

1466 3251 1525 3285 AD
1553 3260 1689 3286 PRlMUM
1715 3261 1813 3287 ERGO
1847 3262 2034 3288 DicENDUM
2061 3252 2166 3300 quod
2195 3253 2365 3290 Ecclesia
2395 3266 2476 3290 cor-

1414 3302 1583 3350 poralem
1614 3310 1778 3339 mortem
1813 3316 1891 3340 non
1919 3304 2071 3352 infligit:
2101 3306 2168 3341 sed
2197 3306 2281 3342 loco
2312 3306 2391 3342 eius
2421 3306 2474 3343 in-

1414 3355 1507 3402 fligit
1535 3356 1981 3393 excommunicationem.

1469 3410 1527 3444 An
1547 3420 1738 3445 SECUNDUM
1757 3421 1940 3447 DICENDUM
1963 3411 2067 3458 quod
2092 3422 2245 3447 necesse
2267 3416 2322 3448 est
2349 3412 2442 3448 duas
2462 3417 2474 3434 ‘

299 3463 354 3494 tos
381 3458 518 3495 solidos
537 3464 746 3506 componat.
778 3459 826 3495 Et
845 3458 986 3495 ibidem
1006 3458 1027 3480 ’¹‘
1046 3467 1179 3508 postea
1209 3459 1358 3496 dicitur:
1386 3465 1387 3507 3
1415 3473 1561 3509 poenas
1591 3462 1762 3498 adhiberi
1782 3463 1936 3510 quando
1965 3475 2034 3511 per
2053 3475 2167 3500 unam
2188 3476 2264 3500 non
2287 3457 2475 3502 sufficien-

351 3551 378 3602 ᾇ)
397 3571 573 3597 abstraxerit.
586 3583 603 3590 -
623 3571 786 3595 distraxerit
804 3571 836 3599 D.
854 3572 1013 3597 extraxerit
1030 3571 1083 3598 PL.

298 3646 342 3664 om
352 3604 531 3673 βζέαζνὶιεςὶ.
544 3621 561 3625 -
579 3606 714 3639 sacrilegii
739 3606 976 3639 ABCDEHIKLpG
1001 3613 1025 3632 et
1044 3615 1075 3638 a3
1096 3616 1143 3641 pro
1162 3608 1219 3641 qui,
1239 3616 1306 3642 quae
1325 3608 1362 3640 D,

1467 3575 1493 3607 γ)
1509 3575 1654 3606 peccando.
1667 3589 1686 3594 —
1699 3578 1811 3607 peccato
1831 3575 1970 3600 PCDGLa.

1467 3609 1491 3641 ὃ)
1511 3610 1615 3642 capitis.
1629 3625 1645 3629 —
1664 3611 1787 3642 capitalis
1807 3610 1853 3635 Pa.
1867 3624 1885 3628 -
1904 3610 1953 3635 Pro
1971 3611 2137 3641 sententiam,
2157 3615 2259 3637 statuta
2278 3613 2324 3638 Pa.

1468 3645 1490 3677 ε)
1510 3646 1585 3670 duas.
1599 3659 1617 3664 -
1635 3646 1740 3671 diversa
1760 3646 1825 3670 duas
1845 3645 1920 3670 BFK.

2511 579 2522 590 ⁸
2536 579 2561 600 ln
2577 585 2684 607 corpore.

2513 1482 2520 1488 '
2545 1479 2651 1502 Rei-nard.
2664 1497 2669 1504 .
2694 1481 2723 1502 de

2511 1506 2634 1528 Consider.
2645 1507 2684 1529 lib.
2694 1508 2721 1534 ΙΙ,

2512 1539 2561 1560 cap.
2577 1539 2628 1555 xm.

2507 2522 2517 2531 '⁸
2533 2521 2599 2543 vers.
2615 2528 2645 2549 ¹7·

2507 2625 2590 2654 ‘Cf-ap
2609 2626 2717 2656 en-dfira-

2619 2657 2716 2675 emean-

2505 2679 2534 2700 Si
2559 2681 2611 2707 quis
2635 2682 2715 2702 contn-

2506 2711 2568 2727 max.

2506 2653 2562 2674 tiani
2575 2659 2589 2674 n

2504 3025 2513 3034 ⁸
2528 3023 2564 3046 Cf.
2579 3030 2627 3052 arg.
2645 3031 2660 3046 1.

2504 3156 2512 3164 ¹
2537 3154 2574 3176 Cf.
2597 3161 2644 3182 arg.
2668 3156 2715 3177 Sed

2503 3183 2593 3203 contra.
