2860 4244
172 900 180 908 '¹
192 899 228 920 Cf.
239 905 276 926 qu.
287 904 333 923 in,
344 898 382 919 In-

172 926 231 946 trod.

174 1053 181 1060 ·
198 1051 244 1077 Qu.
261 1056 320 1071 LXIV.

175 1626 184 1635 ³
194 1625 228 1646 Cf.
240 1625 249 1645 I
264 1625 330 1649 Part,
344 1631 384 1671 gu.

175 1657 238 1677 xxix,
250 1654 290 1672 art.
299 1657 319 1679 3,
330 1657 342 1672 a
364 1657 386 1672 2.

178 2307 187 2315 ⁴
198 2305 263 2326 Vers.
274 2311 317 2331 4ο;
332 2305 387 2325 Luc.

177 2337 387 2359 cap.xv11,vers.34.

410 306 458 341 62

1071 303 1337 351 QUAESTIO
1367 303 1505 350 LXIII,
1534 303 1830 340 ARTICULUS
1861 304 1873 338 l

848 519 1258 597 QUAESTIO
1303 518 2156 574 SEXAGESIMATERTIA

1024 631 1107 670 DE
1141 629 1528 670 ACCEPTIONE
1560 629 1979 671 PERSONARUM

1193 736 1227 761 lN
1257 735 1430 766 QUATUOR
1456 735 1659 760 ARTICULOS
1688 735 1804 760 DIVISA

493 845 599 870 EINDE
636 832 955 870 considerandum
991 839 1046 868 est
1083 831 1130 868 de
1156 831 1254 868 vitiis
1291 830 1474 880 oppositis

412 844 692 935 Dpraedietis
721 885 879 922 iustitiae
914 884 1081 933 partibus
1100 883 1130 920 ‘³‘-
1170 885 1219 921 Et
1250 884 1396 932 primo,
1426 884 1474 921 de

411 939 630 987 acceptione
659 950 923 987 personarum,
953 949 1051 985 quae
1081 938 1287 986 opponitur
1314 936 1473 973 iustitiae
1501 963 1502 966 η

411 992 688 1037 distributivae;
720 992 911 1037 secundo,
943 991 988 1028 de
1026 991 1191 1038 peccatis
1220 1002 1317 1039 quae
1353 1002 1473 1038 oppo-

410 1053 551 1082 nuntur
578 1044 738 1082 iustitiae
768 1044 1066 1081 commutativae
1085 1043 1116 1079 *.

412 1098 522 1135 Circa
549 1098 717 1147 primum
746 1104 980 1146 quaeruntur
1008 1104 1183 1144 quatuor.

2184 775 2199 782 a

1582 829 1733 866 Primo:
1762 837 1890 866 utrum
1927 842 2180 879 personarum
2218 831 2387 880 acceptio
2425 832 2470 869 sit
2503 844 2592 881 pec-

1637 890 1775 919 catum.

1582 935 1777 973 Secundo:
1799 943 1927 972 utrum
1947 936 2086 972 habeat
2104 937 2233 974 locum
2253 937 2293 974 in
2308 937 2592 986 dispensatione

1635 988 1897 1037 spiritualium.

1582 1042 1735 1078 Tertio:
1766 1049 1892 1078 utrum
1920 1041 1959 1078 in
1987 1041 2218 1079 exhibitione
2246 1043 2439 1079 honorum
2456 1048 2484 1080 ².

1584 1096 1751 1142 Quarto:
1781 1103 1909 1132 utrum
1939 1094 1976 1131 in
2006 1094 2164 1131 iudiciis.

1210 1204 1530 1246 ARTICULUS
1562 1205 1769 1246 PRIMUS

966 1298 1121 1329 UTRUM
1145 1297 1438 1328 PERSONARUM
1461 1296 1680 1327 ACCEPTlo
1705 1297 1771 1327 Sir
1795 1270 2034 1328 PEccATUiu

1107 1375 1151 1400 Ad
1169 1375 1255 1404 Rom„
1275 1382 1331 1407 cap.
1351 1382 1376 1405 ιι,
1397 1375 1454 1399 lect.
1473 1381 1506 1404 115
1523 1374 1567 1399 Ad
1589 1375 1657 1403 Gal„
1678 1382 1733 1407 cap.
1752 1382 1779 1405 ιι,
1800 1375 1858 1399 lect.
1877 1382 1904 1399 11.

500 1471 507 1485 ι
532 1493 536 1503 ,
562 1478 582 1506 5
608 1468 646 1492 ι)
674 1468 810 1492 ptumum
840 1468 892 1492 sm
918 1466 1160 1492 PROCEDITUR.
1181 1453 1341 1490 Videtur
1370 1453 1475 1501 quod

556 1516 875 1557 personarum
896 1508 1066 1556 acceptio
1091 1520 1169 1544 non
1198 1507 1242 1544 sit
1262 1514 1475 1556 peccatum.

413 1667 570 1716 gnitates
590 1680 841 1717 personarum
870 1668 1032 1716 pertinet
1051 1667 1099 1704 ad
1125 1666 1403 1704 distributivam
1424 1666 1478 1702 iu-

413 1720 563 1757 stitiam.
594 1722 695 1769 Ergo
723 1733 975 1772 personarum
1004 1720 1175 1769 acceptio
1200 1733 1278 1756 non
1308 1727 1363 1756 est
1389 1731 1477 1768 pec-

415 1781 554 1810 catum.

469 1838 503 1863 2.
526 1828 757 1874 PRAETEREA,
779 1827 817 1863 in
838 1828 951 1863 rebus
979 1826 1155 1862 humanis
1183 1837 1371 1874 personae
1391 1833 1478 1862 sunt

413 1879 697 1929 principaliores
731 1892 846 1929 quam
877 1892 956 1916 res:
987 1879 1075 1926 quia
1113 1891 1172 1915 res
1202 1886 1288 1915 sunt
1324 1886 1479 1927 propter

414 1945 610 1982 personas,
632 1940 667 1969 et
687 1945 766 1969 non
786 1945 806 1969 e
827 1944 1027 1969 converso.
1058 1931 1134 1969 Sed
1155 1944 1281 1968 rerum
1307 1931 1476 1980 acceptio

415 1998 494 2022 non
523 1994 578 2022 est
609 1993 819 2034 peccatum.
857 1987 958 2033 Ergo
988 1985 1108 2021 multo
1147 1985 1274 2022 minus
1307 1985 1476 2033 acceptio

414 2051 678 2087 personarum.

470 2093 503 2128 3.
525 2093 758 2138 PRAETEREA,
775 2092 875 2139 apud
892 2092 1020 2127 Deum
1041 2091 1143 2127 nulla
1162 2097 1287 2139 potest
1307 2103 1389 2127 esse
1410 2091 1476 2128 ini-

415 2144 536 2193 quitas
550 2145 612 2181 vel
635 2152 847 2193 peccatum.
878 2144 955 2181 Sed
976 2145 1081 2180 Deus
1102 2143 1251 2180 videtur
1265 2142 1478 2192 personas*3

415 2197 606 2246 accipere:
637 2198 726 2246 quia
741 2197 932 2234 interdum
954 2197 1119 2234 duorum
1135 2197 1339 2234 hominum
1366 2197 1478 2234 unius

416 2250 640 2287 conditionis
660 2263 781 2287 unum
802 2250 956 2287 assumit
976 2262 1044 2298 per
1062 2250 1232 2297 gratiam,
1255 2258 1290 2287 et
1318 2251 1476 2287 alterum

415 2303 587 2351 relinquit
602 2304 639 2340 in
659 2312 828 2353 peccato,
846 2303 1057 2340 secundum
1077 2303 1168 2340 illud
1190 2304 1425 2340 Matth.XX1v
1439 2303 1476 2340 *z

415 2358 502 2394 Duo
531 2363 642 2394 erunt
668 2357 704 2393 in
734 2357 847 2393 lecto:
877 2369 973 2393 unus
996 2362 1208 2394 assumetur
1235 2362 1271 2393 et
1296 2357 1393 2393 alius
1421 2369 1478 2393 re-

376 2424 379 2428 ·
415 2410 612 2458 linquetur.
635 2411 735 2458 Ergo
757 2410 926 2458 acceptio
946 2422 1198 2459 personarum
1218 2422 1297 2446 non
1318 2418 1372 2447 est
1390 2422 1478 2459 pec-

179 2619 187 2628 ·
202 2617 270 2639 Vers.
283 2623 315 2645 ¹7·

187 3201 278 3223 ⁸1nter1.
286 3204 306 3222 et
312 3201 396 3222 Lomb.

186 3229 207 3239 ⁸·
218 3228 283 3249 Vera.
299 3233 320 3254 9.

283 3271 299 3297 Υ

286 3355 300 3379 ὃ

417 2471 554 2500 catum.

471 2517 545 2552 SED
565 2527 722 2561 CONTRA,
743 2515 833 2551 nihil
853 2516 1076 2564 prohibetur
1095 2516 1132 2552 in
1153 2516 1234 2563 lege
1260 2516 1388 2553 divina
1409 2516 1478 2553 nisi

417 2576 629 2618 peccatum.
660 2568 736 2605 Sed
764 2580 1015 2616 personarum
1046 2569 1215 2617 acceptio
1254 2569 1478 2618 prohibetur

417 2623 527 2659 Deut.
550 2634 558 2658 1
578 2621 608 2668 *,
630 2621 695 2658 ubi
724 2621 874 2658 dicitur:
903 2623 994 2659 Non
1032 2622 1219 2670 accipietis
1256 2623 1477 2671 cuiusquam

411 2687 628 2723 personam.
660 2676 760 2722 Ergo
797 2687 1050 2723 personarum
1090 2675 1259 2724 acceptio
1300 2684 1355 2713 est
1390 2689 1479 2726 pec-

419 2736 557 2765 catum.

472 2782 696 2818 REspounEo
716 2793 899 2818 DlCENDUM
915 2781 1019 2829 quod
1041 2793 1294 2830 personarum
1309 2782 1478 2832 acceptio

419 2834 622 2883 opponitur
660 2834 916 2871 distributivae
955 2834 1127 2871 iustitiae.
1159 2834 1340 2872 Consistit
1377 2836 1478 2873 enim

419 2887 623 2936 aequalitas
652 2887 912 2924 distributivae
941 2887 1100 2924 iustitiae
1124 2887 1161 2925 in
1189 2888 1264 2925 hoc
1293 2889 1397 2937 quod
1426 2888 1479 2927 di-

419 2940 537 2976 versis
557 2941 729 2988 personis
750 2940 899 2977 diversa
926 2940 1141 2978 tribuuntur
1160 2942 1372 2979 secundum
1392 2954 1479 2991 pro-

419 2993 634 3041 portionem
655 2994 703 3030 ad
733 2994 928 3041 dignitates
948 3006 1213 3042 personarum.
1245 2994 1284 3031 Si
1305 3007 1394 3043 ergo
1416 2995 1478 3032 ali-

421 3046 503 3094 quis
525 3046 736 3083 consideret
764 3047 864 3083 illam
885 3048 1157 3095 proprietatem
1185 3060 1372 3096 personae
1393 3061 1481 3097 pro-

421 3106 504 3146 pter
523 3111 639 3146 quam
660 3099 698 3136 id
745 3100 849 3148 quod
877 3099 910 3135 ei
941 3101 1131 3137 confertur
1152 3108 1207 3137 est
1235 3101 1267 3137 ei
1297 3101 1478 3148 debitum,

423 3164 501 3188 non
539 3151 606 3188 erit
643 3152 811 3200 acceptio
849 3164 1055 3200 personae,
1086 3154 1153 3190 sed
1189 3166 1347 3191 causae:
1377 3154 1480 3191 unde

425 3204 560 3241 Glossa
578 3203 609 3251 ²¹³,
631 3217 745 3253 super
765 3205 855 3242 illud
874 3206 925 3241 ad
940 3207 1075 3254 Ephes.
1096 3218 1131 3242 vl
1150 3206 1203 3254 **,
1225 3219 1299 3243 non
1320 3212 1374 3244 est
1394 3219 1481 3255 per-

423 3269 604 3294 sonarum
624 3258 786 3306 acceptio
815 3259 917 3306 apud
933 3259 1070 3304 Deum,
1093 3259 1180 3296 dicit
1204 3259 1309 3308 quod
1332 3260 1447 3297 iudex
1466 3265 1480 3288 Υ

425 3310 539 3347 iustus
562 3322 695 3347 causas
717 3311 901 3356 discernit,
923 3323 996 3348 non
1015 3324 1211 3360 personas.
1241 3314 1338 3350 Puta
1361 3313 1391 3350 si
1420 3313 1482 3350 ali-

426 3363 508 3410 quis
527 3361 540 3384 ⁵
568 3371 796 3412 promoveat
832 3364 996 3411 aliquem
1025 3365 1073 3402 ad
1101 3365 1360 3413 magisterium
1395 3378 1482 3415 pro—

1530 1461 1614 1502 pter
1642 1453 1911 1490 sufficientiam
1941 1453 2130 1500 scientiae,
2161 1454 2223 1490 hic
2251 1454 2453 1492 attenditur
2481 1467 2596 1492 causa

1533 1506 1671 1553 debita,
1693 1519 1771 1544 non
1791 1519 1975 1555 persona:
2005 1507 2036 1544 si
2065 1515 2193 1544 autem
2218 1507 2351 1556 aliquis
2380 1507 2596 1546 consideret

1531 1559 1570 1596 in
1600 1572 1645 1596 eo
1676 1560 1735 1596 cui
1764 1560 1905 1608 aliquid
1934 1560 2097 1608 confert,
2127 1572 2206 1597 non
2234 1560 2272 1597 id
2299 1568 2457 1608 propter
2490 1561 2596 1608 quod

1532 1612 1570 1649 id
1594 1613 1698 1662 quod
1719 1613 1752 1649 ei
1782 1613 1890 1650 datur
1911 1620 2008 1650 esset
2027 1613 2061 1649 ei
2089 1613 2421 1662 proportionatum
2449 1614 2512 1650 vel
2532 1613 2596 1651 de-

1533 1666 1664 1712 bitum,
1685 1665 1753 1703 sed
1773 1667 1898 1703 solum
1918 1666 1993 1703 hoc
2021 1667 2127 1715 quod
2147 1674 2203 1703 est
2222 1671 2234 1687 ²
2254 1666 2322 1703 iste
2351 1667 2484 1714 homo,
2505 1674 2597 1715 puta

1532 1720 1666 1756 Petrus
1688 1720 1750 1756 vel
1781 1719 1978 1766 Martinus,
2004 1727 2060 1756 est
2082 1719 2144 1756 hic
2163 1718 2175 1745 ἶ
2202 1719 2375 1768 acceptio
2394 1731 2596 1768 personae,

1532 1773 1621 1821 quia
1649 1785 1727 1809 non
1756 1772 1967 1809 attribuitur
2004 1773 2036 1809 ei
2066 1772 2208 1821 aliquid
2243 1781 2399 1822 propter
2427 1772 2596 1822 aliquam

1533 1838 1688 1862 causam
1718 1837 1816 1873 quae
1837 1825 1947 1862 faciat
1976 1838 2065 1863 eum
2086 1826 2254 1874 dignum,
2281 1826 2348 1863 sed
2377 1825 2597 1875 simpliciter

1532 1878 1743 1916 attribuitur
1769 1891 1969 1927 personae.

1585 1932 1647 1969 Ad
1665 1943 1870 1981 personam
1889 1939 2017 1968 autem
2037 1932 2194 1968 refertur
2212 1943 2481 1981 quaecumque
2502 1944 2592 1970 con-

1533 1985 1623 2022 ditio
1653 1997 1732 2022 non
1752 1985 1891 2022 faciens
1920 1985 1970 2022 ad
1999 1997 2154 2022 causam
2183 1992 2339 2034 propter
2367 1997 2483 2033 quam
2511 1984 2558 2022 sit
2577 1990 2596 2012 η

1533 2038 1667 2086 dignus
1687 2039 1762 2075 hoc
1791 2038 1915 2075 dono:
1945 2045 2038 2086 puta
2066 2037 2097 2074 si
2125 2037 2258 2086 aliquis
2278 2044 2509 2086 promoveat
2532 2038 2597 2075 ali-

1532 2103 1649 2139 quem
1674 2091 1722 2128 ad
1750 2091 2022 2139 praelationem
2050 2091 2112 2127 vel
2140 2090 2398 2138 magisterium
2427 2090 2518 2139 quia
2541 2097 2599 2128 est

1533 2144 1650 2191 dives,
1671 2145 1733 2181 vel
1753 2144 1842 2192 quia
1872 2151 1926 2181 est
1955 2144 2260 2192 consanguineus
2289 2156 2392 2191 suus,
2415 2151 2470 2181 est
2489 2155 2597 2181 acce-

1531 2197 1610 2247 ptio
1630 2209 1830 2246 personae.
1861 2197 2053 2245 Contingit
2072 2205 2201 2234 tamen
2220 2197 2388 2245 aliquam
2409 2197 2596 2234 conditio-

1532 2263 1622 2288 nem
1642 2263 1830 2299 personae
1849 2250 1973 2287 faeere
2003 2262 2089 2287 eam
2110 2250 2263 2298 dignam
2283 2257 2457 2299 respectu
2484 2250 2597 2287 unius

1533 2304 1606 2350 rei,
1638 2311 1674 2340 et
1702 2316 1780 2340 non
1810 2311 1983 2352 respectu
2011 2303 2184 2340 alterius:
2214 2303 2308 2340 sicut
2335 2302 2598 2351 consanguini-

1532 2364 1588 2393 tas
1608 2354 1620 2377 θ
1650 2357 1736 2393 facit
1755 2356 1919 2405 aliquem
1951 2357 2107 2404 dignum
2128 2356 2176 2394 ad
2205 2357 2280 2393 hoc
2299 2357 2403 2406 quod
2431 2356 2598 2394 institua-

1532 2418 1593 2447 tur
1620 2410 1730 2446 heres
1758 2410 2001 2458 patrimonii,
2031 2422 2110 2447 non
2148 2417 2275 2446 autem
2305 2410 2354 2447 ad
2389 2410 2465 2446 hoc
2493 2409 2597 2459 quod

1534 2463 1749 2500 conferatur
1777 2463 1810 2499 ei
1839 2463 2020 2512 praelatio
2051 2462 2314 2500 ecclesiastica.
2345 2463 2394 2500 Et
2421 2462 2508 2500 ideo
2536 2474 2597 2500 ea-

1534 2517 1623 2554 dem
1644 2516 1810 2553 conditio
1831 2528 2019 2565 personae
2038 2516 2076 2553 in
2091 2528 2170 2552 uno
2191 2515 2343 2564 negotio
2361 2515 2598 2553 considerata

1533 2569 1620 2607 facit
1648 2569 1910 2618 acceptionem
1947 2581 2155 2618 personae,
2186 2569 2224 2605 in
2252 2569 2326 2605 alio
2355 2576 2483 2606 autern
2518 2580 2597 2606 non

1533 2622 1630 2660 facit.

1589 2675 1651 2712 Sic
1671 2687 1760 2723 ergo
1786 2682 1888 2724 patet
1916 2675 2020 2724 quod
2048 2686 2301 2724 personarum
2331 2674 2500 2723 acceptio
2530 2686 2597 2724 op-

1533 2728 1685 2778 ponitur
1702 2728 1862 2765 iustitiae
1882 2728 2141 2765 distributivae
2161 2727 2200 2765 in
2219 2728 2295 2765 hoc
2323 2727 2428 2776 quod
2447 2734 2599 2776 praeter

1532 2781 1821 2831 proportionem
1850 2781 1981 2830 agitur.
2011 2781 2115 2818 Nihil
2144 2788 2272 2818 autem
2296 2780 2502 2830 opponitur
2523 2780 2598 2818 vir-

1533 2835 1601 2872 tuti
1629 2834 1700 2872 nisi
1727 2842 1939 2883 peccatum.
1982 2834 2094 2872 Unde
2128 2846 2367 2883 consequens
2401 2841 2456 2871 est
2492 2833 2598 2882 quod

1533 2899 1786 2938 personarum
1815 2887 1984 2937 acceptio
2014 2887 2060 2924 sit
2087 2894 2300 2936 peccatum.

1587 2943 1645 2978 An
1674 2953 1811 2978 PRIMUM
1831 2952 1929 2978 ERGO
1958 2952 2142 2978 DICENDUM
2162 2941 2267 2989 quod
2295 2940 2334 2977 in
2362 2939 2599 2977 distributiva

1533 2994 1670 3031 iustitia
1722 2993 2007 3031 considerantur
2059 2993 2297 3031 conditiones
2345 3003 2598 3042 personarum

1535 3060 1634 3095 quae
1663 3047 1804 3084 faciunt
1822 3047 1870 3085 ad
1900 3059 2056 3084 causam
2076 3046 2263 3095 dignitatis
2290 3047 2352 3083 vel
2373 3045 2500 3084 debiti.
2521 3045 2600 3084 Sed

1533 3101 1570 3138 in
1591 3100 1811 3149 acceptione
1831 3112 2083 3149 personarum
2103 3099 2390 3137 considerantur
2415 3098 2599 3137 conditio·

1535 3166 1603 3191 nes
1623 3165 1723 3201 quae
1743 3165 1821 3190 non
1850 3153 1992 3190 faciunt
2010 3153 2058 3190 ad
2080 3165 2248 3200 causam,
2268 3159 2311 3189 ut
2334 3152 2478 3190 dictum
2497 3158 2554 3189 est
2565 3151 2598 3188 ⁸.

1587 3208 1646 3243 AD
1674 3218 1865 3244 SECUNDUM
1883 3218 2068 3244 memnon
2097 3205 2203 3253 quod
2221 3217 2409 3254 personae
2437 3216 2598 3254 propor-

1535 3260 1727 3296 tionantur
1746 3266 1782 3296 et
1802 3259 1937 3307 dignae
1958 3259 2169 3296 redduntur
2187 3258 2376 3308 aliquibus
2395 3264 2403 3280 ⁸
2427 3269 2525 3307 quae
2545 3256 2599 3294 eis

1537 3312 1821 3359 distribuuntur,
1842 3319 1998 3361 propter
2025 3312 2169 3360 aliquas
2199 3324 2256 3349 res
2285 3323 2383 3361 quae
2412 3310 2601 3360 pertinent

1537 3366 1586 3403 ad
1606 3365 1863 3403 conditionem
1878 3377 2086 3414 personae:
2113 3372 2149 3402 et
2168 3364 2255 3402 ideo
2271 3363 2490 3401 huiusmodi
2510 3375 2601 3400 con—

479 3477 506 3509 α)
526 3477 695 3501 honorum.—
714 3477 840 3501 bonorum
860 3477 1046 3510 BDEFleAC
1066 3481 1092 3502 et
1110 3485 1135 3507 a,
1155 3477 1263 3503 honoris
1283 3478 1310 3502 Ρ.

479 3510 504 3544 β)
520 3519 658 3552 personas.
671 3525 690 3530 —-
704 3519 846 3552 personam
866 3513 894 3536 P.

479 3548 505 3613 ἔξ
524 3547 627 3614 izliiiqeuis.
648 3547 935 3614 -Li'iiiisessuziifffussslxgs
957 3582 1041 3607 Deum
1068 3583 1152 3611 (Deus
1171 3583 1213 3615 εκ)
1240 3583 1324 3608 iudex
1342 3583 1438 3615 aliquis
1456 3592 1483 3608 x.

481 3620 502 3649 ε)
522 3621 568 3642 est.
580 3631 599 3637 —
618 3617 680 3641 Post
698 3617 833 3641 ,Martinus
852 3618 923 3649 ponit
941 3624 967 3642 a.
980 3631 999 3636 -
1019 3618 1067 3642 iste
1086 3626 1139 3642 om.
1158 3619 1205 3643 Px.

1590 3477 1615 3510 ζ)
1635 3481 1675 3502 est
1693 3477 1743 3502 hic.
1756 3491 1775 3496 -
1792 3480 1832 3502 est
1850 3477 1898 3502 hoc
1916 3477 1969 3507 DL,
1989 3476 2031 3502 hic
2049 3479 2090 3502 est
2108 3476 2181 3502 PGa.

1590 3513 1617 3545 η)
1635 3513 1709 3538 sit.-
1720 3513 1756 3546 fit
1774 3512 1804 3537 E.

1590 3546 1614 3580 Θ)
1634 3548 1863 3581 consanguinitas.
1876 3562 1894 3566 —
1912 3547 2147 3581 consanguinitas
2166 3546 2306 3572 PAGHsK.

1592 3584 1609 3616 ι)
1629 3583 1799 3616 aliquibus.-
1817 3584 1843 3608 in
1863 3583 1994 3616 aliquibus
2013 3583 2042 3607 P.

2626 3157 2637 3167 ⁴
2650 3156 2676 3178 ln
2691 3162 2800 3185 corpore.

2729 3275 2737 3291 t
