2860 4244
145 411 154 420 ⁸
170 410 225 437 Cap.
240 415 288 431 xxi.

150 1532 160 1542 ⁸
174 1531 240 1552 Vers.
256 1536 275 1558 15
290 1535 342 1557 sqq.

383 283 432 319 70

383 348 494 394 sium,
515 359 574 383 xm
596 358 677 394 cap.
704 345 805 382 Cael.
819 344 930 380 Hier.
961 343 1009 379 Et
1027 342 1127 388 ideo,
1147 348 1188 376 ut
1206 338 1439 386 Augustinus

384 400 490 446 dicit,
520 399 558 435 in
594 400 606 434 Ι
632 399 677 435 de
709 398 787 434 Civ.
822 396 895 433 Dei
920 396 960 441 *,
997 405 1070 430 non
1107 393 1183 441 ipse
1219 391 1353 428 occidit
1377 390 1442 438 qui

383 452 627 490 ministerium
647 451 750 487 debet
768 447 781 470 δ
805 448 944 484 iubenti
959 447 1054 482 sicut
1071 444 1340 482 adminiculum
1358 443 1441 493 gla-

384 506 466 542 dius
503 504 627 540 utenti.
666 501 777 539 Unde
810 500 860 536 illi
893 498 958 547 qui
990 497 1211 534 occiderunt
1246 495 1442 544 proximos

385 565 420 594 et
448 556 592 593 amieos
622 567 666 591 ex
694 552 874 590 mandato
904 549 1072 597 Domini,
1103 561 1181 586 non
1209 550 1283 586 hoc
1311 548 1443 585 fecisse

383 610 453 659 ipsi
480 608 667 653 videntur,
697 606 765 642 sed
793 604 918 653 potius
946 603 1006 640 ille
1027 602 1131 639 cuius
1153 601 1371 639 auctoritate
1391 601 1443 637 fe-

385 668 531 698 cerunt:
561 660 654 697 sicut
674 666 709 695 et
726 657 834 693 miles
861 655 1033 693 interficit
1052 656 1203 692 hostem
1225 653 1445 691 auctoritate

383 713 574 763 principis,
595 719 632 747 et
649 710 819 747 minister
841 710 1028 745 latronem
1053 707 1274 744 auctoritate
1300 706 1443 743 iudicis.

437 769 496 802 An
520 775 709 801 SECUNDUM
737 773 922 799 mcssunuu
949 761 1055 809 quod
1083 760 1202 797 bestia
1230 759 1447 796 naturaliter

386 826 440 855 est
469 817 640 854 distincta
660 816 707 852 ab
726 814 895 852 homine.
925 813 1036 851 Unde
1066 825 1181 862 super
1199 813 1274 849 hoc
1292 823 1372 849 non
1391 824 1448 849 re-

385 870 542 920 quiritur
570 867 724 918 aliquod
752 866 935 904 iudicium
963 878 1012 903 an
1034 865 1081 903 sit
1100 864 1323 912 occidenda,
1354 865 1383 901 si
1404 863 1449 901 sit

385 922 588 971 sylvestris.
620 921 659 958 Si
687 933 781 958 vero
809 919 855 956 sit
880 918 1102 966 domestica,
1128 917 1337 967 requiretur
1356 922 1368 938 ‘⁶
1395 917 1448 953 iu-

1046 262 1311 310 QUAEsT1o
1342 262 1480 309 Lxlv,
1509 261 1805 299 ARTICULUS
1835 261 1886 298 ιν

1496 338 1637 375 dicium
1656 351 1734 376 non
1762 346 1918 388 propter
1936 339 2071 387 ipsam,
2098 338 2166 374 sed
2194 345 2350 386 propter
2371 337 2556 375 damnum

1497 390 1653 427 domini.
1694 391 1772 428 Sed
1799 392 1917 427 homo
1946 398 2124 439 peccator
2152 402 2231 427 non
2259 397 2315 427 est
2342 391 2560 427 naturaliter

1497 443 1689 480 distinctus
1725 444 1773 480 ab
1801 444 2021 480 hominibus
2057 442 2173 479 iustis.
2222 443 2270 479 Et
2303 442 2390 480 ideo
2419 442 2561 491 indiget

1497 495 1650 544 publico
1679 495 1831 543 iudicio,
1861 504 1902 532 ut
1930 495 2164 533 discernatur
2183 507 2232 531 an
2262 495 2308 531 sit
2327 495 2560 532 occidendus

1498 555 1654 597 propter
1681 560 1930 586 communem
1960 549 2131 585 salutem.

1552 601 1611 636 An
1638 611 1802 638 TERTIUM
1839 612 2023 638 mcENDuM
2053 601 2157 649 quod
2186 600 2309 637 facere
2339 599 2480 648 aliquid
2513 599 2562 637 ad

1499 653 1695 689 utilitatem
1722 665 1972 690 communem
2000 653 2106 702 quod
2132 652 2223 690 nulli
2253 661 2379 700 nocet,
2405 653 2482 689 hoc
2509 659 2564 689 est

1501 705 1642 742 licitum
1672 706 1822 742 cuilibet
1840 706 2010 754 privatae
2030 718 2230 754 personae.
2262 707 2340 743 Sed
2359 705 2390 742 si
2409 705 2455 742 sit
2475 717 2563 742 cum

1502 765 1735 795 nocumento
1764 758 1928 804 alterius,
1957 759 2032 795 hoc
2061 771 2139 795 non
2159 758 2272 796 debet
2299 758 2382 795 fieri
2410 758 2481 795 nisi
2507 770 2564 794 se-

1504 811 1671 848 cundum
1700 809 1882 847 iudicium
1921 810 2002 847 eius
2031 811 2079 849 ad
2107 823 2223 860 quem
2253 811 2412 860 pertinet
2444 810 2566 848 existi-

1504 876 1609 900 mare
1638 863 1730 911 quid
1758 862 1804 899 sit
1823 863 2122 900 subtrahendum
2151 863 2318 912 partibus
2346 875 2416 912 pro
2447 864 2564 900 salute

1504 924 1630 953 totius.

1075 994 1823 1019 ,μ’Ὗ-,ῄν
1832 995 1866 999 „-

437 1034 462 1068 δ)
483 1035 591 1060 debet.-
605 1035 654 1059 dat
666 1034 823 1063 AEHLsCK,
841 1033 888 1058 sed
908 1034 937 1064 B,
957 1033 1025 1058 sicut
1039 1033 1068 1062 F.
1087 1033 1135 1056 dat
1148 1031 1249 1056 homini
1263 1032 1300 1061 G;
1324 1038 1371 1062 pro
1389 1031 1447 1064 gla-

384 1071 451 1101 dius,
470 1070 571 1104 gladiis
587 1070 691 1094 codices
711 1073 737 1093 et
754 1076 779 1098 a,
798 1069 906 1101 gladius
924 1071 964 1094 est
982 1068 1011 1092 P.

1503 1031 1759 1090 OE{)1}·equ1retur·.
1776 1043 1794 1049 -
1813 1030 1994 1062 requireretur
2012 1029 2104 1053 ABEH
2114 1047 2122 1060 ‚
2141 1028 2312 1060 requirentur
2334 1027 2400 1061 le,
2419 1028 2567 1060 requiritur

1572 1072 1584 1089 s
1610 1082 1618 1090 .
1918 1081 1924 1116 3

1066 1145 1397 1178 Commenta-ia
1420 1142 1671 1175 cardinalis
1693 1142 1894 1176 Caietam

415 1229 435 1249 N
459 1218 591 1249 articulo
615 1217 707 1249 tertio
731 1217 874 1247 eiusdem
894 1215 1233 1256 sexagesimaequartae
1255 1213 1450 1255 quaestionis

388 1232 551 1294 Idubium
575 1261 719 1292 occurrit.
743 1262 827 1291 Nam
844 1263 966 1290 Auctor
989 1260 1023 1289 in
1038 1259 1065 1289 11
1082 1259 1182 1295 Sent„
1200 1257 1271 1288 dist.
1287 1267 1366 1293 mv,
1392 1264 1448 1288 art.

385 1307 527 1348 penult.,
552 1306 591 1336 ad
615 1305 688 1341 ult.‚
714 1305 789 1336 dicit
816 1304 905 1345 quod
932 1303 1062 1343 quando
1085 1311 1151 1332 non
1176 1308 1222 1331 est
1244 1310 1388 1331 recursus
1410 1301 1450 1330 ad

386 1351 592 1391 superiorem,
608 1348 805 1380 laudabiliter
820 1355 972 1388 tyrannus
984 1346 1040 1387 qui
1055 1355 1111 1386 per
1125 1345 1311 1375 violentiam
1331 1354 1363 1374 se
1379 1343 1452 1375 fecit

386 1394 566 1430 dominum,
583 1393 736 1424 occiditur
751 1403 769 1422 a
785 1391 905 1432 privata
920 1399 1064 1431 persona.
1089 1389 1244 1426 Quamvis
1262 1386 1364 1431 [ergo]
1386 1397 1452 1418 non

386 1448 517 1469 omnem
533 1443 732 1478 peccatorem
755 1434 856 1475 possit
879 1434 999 1475 privata
1023 1433 1165 1464 occidere
1187 1442 1332 1474 persona,
1354 1433 1451 1463 talem

386 1490 492 1513 tamen
521 1487 720 1521 peccatorem
747 1479 852 1510 licebit
875 1478 1027 1509 occidere.
1057 1477 1098 1508 Et
1126 1476 1347 1508 confirmatur:
1378 1476 1453 1518 quia

386 1526 488 1557 Iudic.
517 1536 551 1555 111
570 1525 588 1544 *
610 1525 705 1561 Aod,
730 1532 866 1564 persona
889 1522 1024 1563 privata,
1049 1521 1164 1552 occidit
1193 1521 1316 1561 Eglon,
1346 1530 1452 1561 regem

387 1570 494 1606 Moab,
518 1579 576 1610 pro
599 1568 764 1599 liberando
787 1567 912 1608 populo
936 1567 974 1596 ab
999 1565 1066 1596 eius
1090 1564 1247 1596 servitute.
1276 1565 1452 1603 Quomodo

388 1621 470 1646 stant
493 1614 570 1644 haec
593 1612 688 1644 simul
712 1621 787 1642 cum
810 1610 951 1642 doctrina
974 1609 1145 1650 praesentis
1169 1607 1310 1639 articuli?

443 1658 494 1688 Ad
517 1657 578 1695 hoc
602 1657 716 1687 dicitur
739 1654 962 1695 distinguendo
987 1654 1025 1683 de
1047 1660 1193 1694 tyranno,
1216 1653 1305 1694 quod
1328 1660 1375 1683 est
1397 1652 1454 1683 du-

389 1702 470 1742 plex.
503 1700 642 1738 Quidam
666 1707 713 1731 est
734 1706 886 1741 tyrannus
915 1698 949 1728 in
972 1698 1072 1728 modo
1099 1704 1225 1728 tantum
1247 1697 1387 1737 regendi:
1418 1702 1454 1727 ut

389 1746 506 1787 pluries
535 1745 689 1784 contingit
718 1744 807 1785 quod
829 1743 894 1773 veri
917 1741 1039 1772 domini
1068 1741 1229 1782 tyrannice
1259 1747 1390 1780 regunt,
1415 1741 1455 1771 ad

390 1799 482 1821 suam
505 1789 673 1820 utilitatem
696 1787 805 1818 omnia
828 1792 1061 1820 convertentes,
1086 1785 1256 1815 discordias
1280 1784 1360 1815 inter
1382 1785 1455 1815 sub-

390 1834 473 1864 ditos
492 1833 682 1864 seminantes
705 1839 760 1862 aut
783 1830 955 1861 nutrientes
979 1836 1014 1860 ut
1036 1828 1096 1868 ipsi
1119 1828 1282 1859 luci-entur
1300 1828 1351 1859 vel
1373 1827 1455 1859 exal-

250 1860 362 1892 JN
387 1883 578 1914 teme.
603 1877 644 1907 Et
668 1876 706 1906 de
729 1875 782 1906 tali
805 1881 939 1915 tyranno
963 1883 1029 1904 non
1049 1880 1096 1903 est
1118 1872 1276 1913 quaestio:
1301 1872 1455 1913 quoniam

155 2022 163 2030 ⁸
177 2018 289 2041 sessionis
305 2024 363 2045 pro-

151 2046 239 2074 positio
253 2045 310 2066 Pin.

164 2969 171 2976 ·
193 2966 259 2988 Vers.
276 2966 307 2988 ιδ.

166 3184 175 3192 ·
183 3183 309 3207 Ps.exxxv‚
316 3186 376 3202 vers.

166 3215 199 3230 ro.

168 3391 177 3398 ⁵
193 3388 258 3410 Vera.
273 3388 309 3409 28.

168 3448 176 3456 ⁸
194 3447 260 3468 Vei-s.
273 3446 287 3467 6
302 3452 353 3474 sqq.

170 3474 179 3483 ⁸
190 3473 199 3494 1
209 3473 275 3500 Reg„
284 3478 333 3500 cap.
342 3478 380 3498 xv,

170 3506 196 3536 ΥΞ
198 3506 233 3547 ‘1⁵11
243 3505 315 3552 iiieg„
331 3531 381 3552 cap.

171 3558 238 3579 xvnr,
250 3558 308 3574 vers.
319 3557 358 3577 40.

391 1928 514 1953 constat
536 1921 625 1962 quod
648 1930 714 1950 non
737 1919 809 1949 licet
832 1917 960 1949 cuilibet
983 1917 1021 1948 de
1045 1917 1169 1958 populo
1187 1916 1280 1947 illum
1296 1916 1455 1953 occidere;

390 1973 520 2007 propter
543 1963 728 1995 huiusmodi
750 1963 835 1995 enim
850 1969 1003 2003 tyrannos
1025 1961 1191 2002 reprobata
1214 1961 1274 1991 fuit
1295 1961 1328 1991 in
1352 1959 1456 1992 conci-

389 2011 434 2041 lio
452 2008 696 2044 Constantiensi,
714 2006 845 2038 session.
867 2007 914 2043 15,
931 2005 1110 2047 propositio
1126 2005 1143 2024 *
1162 2005 1268 2036 dicens
1284 2005 1374 2046 quod
1389 2005 1457 2046 qui-

391 2055 464 2085 libet
487 2059 651 2094 tyrannus
674 2052 757 2082 licite
781 2055 888 2091 potest
909 2060 930 2081 a
953 2049 1091 2092 quolibet
1111 2058 1170 2080 suo
1199 2049 1323 2083 subdito
1346 2049 1455 2080 occidi.

447 2097 587 2135 Quidam
610 2103 718 2127 autem
740 2103 892 2136 tyrannus
916 2100 962 2125 est
985 2093 1018 2124 in
1032 2093 1103 2135 ipso
1119 2093 1188 2124 iure
1207 2092 1356 2123 dominii:
1381 2092 1457 2134 quia

392 2142 508 2172 scilicet
523 2140 688 2181 usurpavit
699 2139 758 2170 sibi
775 2139 956 2169 dominium
967 2138 998 2168 vi
1011 2147 1175 2168 armorum
1187 2138 1237 2168 vel
1250 2137 1325 2167 alias
1339 2137 1457 2178 inique.

392 2187 432 2216 Et
447 2186 485 2216 de
500 2185 554 2216 tali
570 2192 704 2226 tyranno
721 2191 766 2215 est
783 2193 898 2213 sermo.
923 2183 964 2213 Et
984 2183 1048 2213 duo
1066 2182 1210 2213 dicimus.
1234 2181 1352 2218 Primo,
1370 2181 1459 2222 quod

392 2230 475 2260 licite
498 2236 602 2269 potest
626 2240 642 2259 a
663 2228 806 2269 quolibet
829 2228 868 2257 de
887 2226 1011 2267 populo
1035 2226 1137 2257 occidi
1160 2236 1218 2266 pro
1237 2226 1378 2256 libertate
1401 2235 1459 2266 po-

393 2274 471 2314 puli,
488 2274 618 2314 quando
641 2283 707 2303 non
724 2278 770 2302 est
790 2281 934 2302 recursus
958 2271 997 2300 ad
1018 2270 1214 2311 superiorem
1237 2280 1255 2300 a
1273 2280 1339 2310 quo
1359 2269 1461 2310 possit

393 2317 511 2348 iustitia
523 2317 589 2348 fieri
606 2318 645 2347 de
657 2316 842 2347 huiusmodi
853 2315 1007 2346 invasore.
1020 2333 1041 2338 —
1054 2315 1211 2350 Secundo,
1225 2314 1314 2355 quod
1330 2314 1459 2354 quando

395 2362 438 2392 sic
462 2362 624 2397 occiditur,
649 2371 715 2391 non
731 2359 884 2391 occiditur
907 2370 925 2389 a
949 2369 1084 2400 persona
1106 2359 1228 2399 privata
1250 2357 1388 2399 propria,
1405 2359 1459 2388 sed

395 2406 521 2446 publica
545 2405 738 2436 auctoritate.

1559 1214 1742 1244 Declaratur
1770 1221 1941 1255 utrumque
1971 1223 2008 1244 ex
2031 1213 2094 1243 hoc
2123 1213 2212 1254 quod
2241 1212 2311 1243 talis
2342 1219 2495 1254 tyrannus
2523 1219 2571 1244 est

1504 1257 1603 1287 hostis
1634 1258 1764 1297 populi,
1796 1258 1914 1288 habens
1944 1257 2133 1288 continuum
2161 1256 2283 1288 bellurn
2309 1256 2464 1288 iniustum
2495 1266 2570 1288 cum

1505 1301 1638 1340 populo.
1664 1301 1762 1338 Quod
1785 1301 1870 1332 enim
1894 1301 1932 1332 sit
1955 1301 2054 1332 hostis
2077 1299 2203 1341 populi,‘
2226 1307 2311 1340 patet
2335 1310 2372 1331 ex
2394 1300 2456 1332 hoc
2479 1301 2570 1342 quod

1504 1345 1631 1374 invasor
1654 1351 1701 1375 est
1727 1351 1757 1375 et
1780 1354 1951 1385 oppressor
1972 1343 2123 1375 libertatis
2154 1353 2209 1374 seu
2233 1344 2309 1375 iuris
2331 1343 2451 1384 publici
2473 1344 2570 1376 illius.

1507 1388 1604 1426 Quod
1630 1393 1737 1419 autem
1762 1388 1953 1429 intelligatur
1982 1388 2095 1418 habere
2125 1387 2315 1418 continuum
2345 1388 2467 1419 bellum
2497 1398 2571 1419 cum

1506 1433 1640 1472 populo,
1665 1438 1751 1472 patet
1774 1442 1810 1463 ex
1833 1442 1872 1463 eo
1896 1433 1984 1474 quod
2006 1431 2193 1462 inchoatum
2216 1431 2337 1462 bellum
2355 1430 2440 1472 quo,
2463 1442 2570 1474 popu-

1506 1477 1575 1507 lum
1593 1476 1754 1513 invadens,
1771 1477 1913 1516 seipsum
1929 1476 2107 1507 nominavit
2125 1475 2295 1506 dominum
2310 1475 2454 1517 aliosque
2470 1476 2574 1518 coegit

1507 1521 1547 1551 ad
1570 1521 1865 1560 recognoscendum
1889 1531 1921 1551 se
1945 1527 1981 1551 ut
2003 1519 2188 1556 dominum,
2213 1519 2302 1550 nulla
2324 1527 2371 1550 est
2392 1526 2502 1560 tregua
2524 1519 2572 1551 in:

1506 1571 1702 1605 terruptum,
1726 1564 1814 1596 nulla
1837 1574 1914 1605 pace
1937 1563 2156 1601 terminatum,
2182 1563 2238 1594 sed
2261 1564 2471 1595 succumbens
2493 1563 2574 1595 iacet

1507 1609 1660 1650 populus.
1691 1608 1777 1640 Cum
1800 1615 1908 1640 autem
1930 1609 2051 1639 bellum
2074 1608 2136 1638 hoc
2159 1617 2196 1638 ex
2218 1614 2306 1648 parte
2329 1607 2444 1649 populi
2467 1608 2506 1639 sit
2527 1608 2574 1639 iu-

1508 1659 1594 1683 stum
1617 1660 1647 1684 et
1670 1663 1707 1683 ex
1729 1659 1817 1694 parte
1839 1652 1964 1694 tyranni
1979 1652 2144 1689 iniustum,
2162 1661 2360 1693 consequens
2376 1658 2424 1683 est
2443 1658 2481 1683 ut
2503 1649 2573 1693 qniss

1507 1697 1584 1727 libet
1612 1697 1650 1727 de
1674 1696 1798 1738 populo
1821 1696 1985 1736 insurgens
2015 1706 2074 1737 pro
2098 1696 2222 1737 populo
2250 1702 2359 1726 contra
2385 1695 2573 1738 tyrannum,

1508 1740 1629 1771 bellum
1652 1747 1724 1780 agat
1746 1741 1882 1771 iustum:
1915 1750 1951 1771 ac
1984 1750 2040 1781 per
2062 1740 2124 1782 hoc
2152 1739 2238 1771 licite
2266 1746 2373 1780 potest
2401 1746 2574 1781 tyrannum

1508 1785 1600 1815 illum
1623 1784 1765 1815 occidere
1795 1784 1979 1816 auctoritate
2001 1783 2076 1815 iusti
2120 1783 2189 1820 eni,
2218 1793 2300 1824 quae
2329 1790 2376 1815 est
2405 1783 2575 1815 auctoritas

1509 1828 1652 1868 publica,
1676 1834 1713 1859 ut
1735 1834 1821 1869 patet
1844 1837 1881 1858 ex
1903 1781 2131 1877 supradictis}
2159 1827 2226 1858 Nec
2248 1828 2352 1859 obstat
2374 1827 2401 1858 si
2418 1828 2575 1869 'tyrannus
2601 1835 2612 1847 ⁸

1510 1883 1528 1903 a
1550 1871 1705 1913 principio
1729 1871 1795 1902 sine
1818 1871 1902 1902 bello
1927 1882 1959 1902 se
1982 1871 2090 1902 fecerit
2112 1871 2291 1903 dominum.
2319 1871 2485 1909 Quoniam
2506 1871 2576 1914 ipsa

1510 1915 1675 1957 usurpatio
1699 1915 1833 1947 dominii
1861 1915 1960 1946 invito
1983 1915 2124 1956 populo,
2150 1921 2196 1946 est
2226 1915 2381 1946 debellare
2403 1914 2574 1957 populuml

1511 1961 1642 2001 Semper
1657 1970 1732 2000 ergo
1752 1966 1798 1991 est
1820 1959 1941 1991 bellum
1955 1959 2148 1999 implicitum
2168 1965 2223 1990 aut
2241 1959 2439 2000 explicitum:
2464 1966 2495 1990 et
2516 1956 2576 2001 pti·-

1510 2005 1591 2036 blica
1613 2014 1739 2044 semper
1760 2003 1927 2035 intervenit
1949 2003 2118 2034 auctoritas
2133 2003 2286 2043 explicite,
2309 2009 2347 2034 ut
2366 2002 2400 2033 in
2423 2003 2509 2034 bello
2524 2010 2576 2034 exe

1511 2049 1630 2090 plicito,
1642 2049 1692 2079 vel
1702 2048 1864 2089 implicite,
1878 2054 1914 2079 ut
1927 2048 1961 2078 in
1973 2047 2057 2078 bello
2072 2047 2237 2088 implicito.
2254 2047 2347 2079 Vices
2358 2046 2455 2087 igitur
2464 2046 2578 2088 procul

1496 2092 1610 2131 <dubio
1627 2092 1725 2123 totius
1741 2091 1979 2123 communitatis
1997 2091 2076 2132 gerit
2098 2101 2170 2132 pars
2188 2101 2280 2133 quae,
2296 2090 2396 2133 ipsius
2411 2091 2578 2132 negotium

1512 2144 1577 2168 tam
1600 2136 1717 2168 utiliter
1739 2146 1866 2176 gerens,
1891 2135 1930 2166 ad
1953 2135 2052 2177 ipsius
2075 2134 2293 2167 liberationem
2317 2134 2470 2175 procedit.
2493 2153 2514 2159 -
2536 2132 2579 2167 Εἰ

1511 2182 1574 2212 hoc
1596 2181 1696 2211 modo
1720 2181 1807 2216 Aod,
1831 2187 1867 2211 ut
1890 2182 2011 2211 Auctor
2033 2179 2066 2210 in
2090 2179 2172 2210 Ilib.
2198 2179 2237 2210 de
2255 2179 2336 2220 Reg.
2353 2177 2460 2210 Princ.
2486 2179 2576 2216 dicit,

1511 2226 1544 2256 in
1561 2235 1629 2266 cap.
1641 2235 1682 2262 vx,
1703 2224 1817 2255 occidit
1835 2224 1949 2264 Eglon,
1973 2223 2091 2254 scilicet
2112 2230 2149 2254 ut
2171 2223 2307 2254 hostem.
2330 2223 2371 2254 Et
2388 2223 2474 2254 iuxta
2492 2223 2579 2254 hunc

1512 2278 1642 2300 sensum
1664 2268 1868 2307 intelligenda
1894 2274 1968 2298 sunt
1990 2268 2085 2298 verba
2103 2267 2253 2298 Auctoris
2271 2267 2306 2297 in
2323 2267 2349 2297 11
2366 2267 2451 2298 Seni.
2464 2267 2516 2299 -Et
2534 2267 2579 2298 sic

1514 2313 1623 2344 omnia
1646 2319 1832 2343 consonant.
2364 2316 2370 2318 ⁴

1148 2546 1468 2588 ARTICULUS
1497 2543 1772 2595 QUARTUS

902 2639 1058 2671 UTRUM
1082 2638 1302 2670 occlnERE
1326 2636 1675 2669 MALEFACTORES
1699 2634 1858 2667 LICEAT
1882 2633 2076 2665 CLER1C1s

1177 2717 1212 2742 IV
1231 2717 1313 2747 Sent„
1333 2717 1392 2742 dist.
1410 2724 1465 2748 xxv,
1485 2724 1530 2748 qu.
1547 2723 1576 2748 ιι,
1595 2720 1643 2740 art.
1662 2722 1687 2746 π,
1705 2714 1756 2748 εμι·ι
1775 2721 1800 2739 2.

450 2818 493 2849 .-t
516 2820 583 2859 ff<
609 2810 632 2835 D
652 2808 826 2840 QUARTUM
846 2808 898 2833 sm
918 2804 1159 2832 Paocuurrua.
1179 2794 1340 2832 Videtur
1358 2794 1462 2843 quod

447 2841 585 2911 ᾙΔὲἒῦ
611 2850 784 2887 occidere
798 2849 1062 2886 malefactores
1077 2848 1186 2884 liceat
1202 2847 1357 2884 clericis.
1379 2846 1463 2883 Cle-

418 2905 464 2952 ‘5'1
475 2920 535 2946 xz,
554 2908 577 2944 ἢ
611 2903 676 2940 rici
693 2903 793 2939 enim
807 2902 1011 2951 praecipue
1027 2901 1167 2938 debent
1181 2900 1342 2949 implere
1357 2899 1462 2948 quod

416 2951 426 2963 ¹
455 2948 818 3005 &Apostolus
854 2954 962 3001 dicit,
993 2956 1006 2990 I
1034 2955 1085 2990 ad
1120 2955 1207 2990 Cor.
1238 2965 1273 2990 iv
1296 2952 1336 2989 *ε
1373 2952 1463 2989 Imi-

402 3015 538 3046 tatores
566 3009 641 3045 mei
666 3014 788 3053 estote,
807 3008 902 3044 sicut
927 3013 962 3044 et
989 3018 1060 3057 ego
1090 3006 1243 3043 Christi:
1271 3017 1340 3054 per
1358 3004 1462 3054 quod

402 3061 512 3099 nobis
541 3060 715 3097 indicitur
750 3068 793 3096 ut
819 3060 947 3096 Deum
983 3067 1018 3096 et
1046 3067 1197 3104 sanctos
1231 3059 1312 3095 eius
1344 3057 1462 3094 imite-

403 3127 501 3151 mur.
533 3114 610 3150 Sed
638 3113 718 3162 ipse
738 3114 855 3158 Deus,
876 3123 992 3161 quem
1021 3111 1193 3158 colimus,
1219 3110 1356 3147 occidit
1383 3121 1464 3147 ma-

402 3168 619 3205 lefactores:
663 3165 874 3203 secundum
911 3164 1003 3201 illud
1030 3164 1171 3201 Psalm.
1191 3163 1232 3199 *z
1282 3163 1357 3204 Qui
1376 3174 1464 3212 per-

404 3221 515 3257 cussit
528 3220 746 3269 Aegrptum
761 3230 847 3255 cum
857 3217 1121 3267 primogenitis
1139 3227 1281 3252 eorum.
1307 3216 1464 3263 Moyses

406 3273 519 3310 etiam
549 3285 571 3309 a
599 3271 740 3308 Levitis
769 3270 854 3307 fecit
886 3269 1045 3307 interfici
1081 3267 1210 3317 viginti
1247 3267 1313 3304 tria
1350 3267 1465 3304 millia

405 3326 607 3363 hominum
635 3331 790 3373 propter
809 3323 1073 3361 adorationem
1092 3321 1210 3367 vituli,
1239 3327 1280 3357 ut
1304 3321 1466 3357 habetur

405 3378 529 3416 Exod.
558 3389 655 3414 xxxu
677 3378 707 3414 ²⁸.
754 3377 803 3413 Et
833 3376 1017 3422 Phinees,
1047 3374 1246 3420 sacerdos,
1285 3372 1465 3410 interfecit

408 3431 611 3468 Israelitem
633 3437 836 3466 coeuntem
857 3441 945 3465 curn
966 3427 1226 3474 Madianitide,
1246 3433 1287 3463 ut
1305 3426 1467 3463 habetur

407 3485 525 3521 Num.
542 3495 612 3520 xxv
626 3483 657 3519 ³³.
687 3483 842 3519 Samuel
862 3481 977 3518 etiam
997 3480 1180 3518 interfecit
1198 3481 1315 3527 Agag,
1337 3490 1464 3526 regem

409 3537 567 3573 Amalec
586 3535 623 3581 *3
656 3543 692 3571 et
712 3535 813 3571 Elias
838 3534 1052 3571 sacerdotes
1072 3534 1163 3570 Baal
1184 3531 1241 3577 *²⁸3
1264 3540 1299 3568 et
1318 3531 1466 3568 Matha-

1515 2793 1611 2829 thias
1640 2803 1731 2829 eum
1757 2791 1821 2841 qui
1845 2791 1895 2827 ad
1923 2788 2218 2827 sacrificandum
2247 2796 2458 2827 accesserat
2470 2787 2507 2834 *;
2543 2782 2580 2825 et

1516 2846 1555 2882 in
1583 2857 1688 2882 novo
1710 2844 1971 2889 Testamento,
2001 2843 2135 2879 Petrus
2161 2841 2351 2879 Ananiam
2380 2843 2426 2878 et'
2445 2836 2579 2891 Sap'h'i‘-

1516 2910 1599 2935 ram
1618 2898 1649 2934 *.
1698 2898 1800 2946 Ergo
1828 2896 1980 2933 videtur
2007 2895 2113 2945 quod
2143 2895 2256 2932 etiam
2295 2894 2438 2932 clericis
2471 2893 2582 2931 liceat

1517 2950 1691 2988 occidere
1720 2941 1996 2986 malefactores.

1572 3015 1606 3040 2.
1636 3003 1879 3049 plumeam,
1917 3008 2084 3051 potestas
2122 2999 2321 3051 spiritualis
2365 3006 2421 3037 est
2457 2998 2580 3049 maiol-

1517 3066 1633 3105 quam
1660 3054 1900 3104 temporalis,
1936 3061 1972 3091 et
2003 3056 2088 3091 Deo
2119 3052 2366 3090 coniunctior.
2407 3051 2484 3089 Sed
2510 3050 2580 3102 po-

1516 3116 1630 3145 testas
1657 3107 1876 3156 temporalis
1911 3107 2007 3143 licite
2034 3105 2298 3143 malefactores
2336 3104 2474 3142 occidit
2499 3098 2580 3141 tan'-

1518 3173 1635 3210 quam
1663 3160 1738 3197 Dei
1763 3160 1945 3206 minister,
1974 3167 2016 3196 ut
2043 3158 2177 3196 dicitur
2203 3158 2315 3195 Rom.
2335 3157 2449 3195 xu1'*.‘
2477 3152 2579 3204 Ergo
2606 3177 2615 3187 ·

1518 3213 1638 3250 multo
1667 3211 1788 3260 magis
1826 3211 1970 3259 clerici,
2001 3212 2065 3261 qui
2101 3219 2187 3248 sunt
2214 3211 2286 3248 Dei
2319 3209 2478 3247 ministri
2506 3209 2580 3259 spi-

1518 3266 1692 3303 ritualem
1721 3271 1948 3314 potestatem
1976 3265 2172 3312 habentes,
2202 3262 2300 3300 licite
2321 3268 2482 3312 possunt
2501 3273 2580 3300 ma-

1517 3319 1715 3355 lefactores
1744 3317 1929 3354 occidere.
2175 3347 2177 3349 .

1574 3372 1608 3408 3.
1624 3371 1859 3418 PRAETEREA,
1879 3369 2112 3419 quicumque
2136 3367 2232 3406 licite
2253 3366 2407 3417 suscipit
2425 3365 2579 3417 aliquod

1519 3423 1705 3470 officium,
1735 3423 1831 3460 licite
1859 3429 1983 3471 potest
2011 3434 2056 3459 ea
2086 3432 2259 3459 exercere
2287 3431 2386 3469 quae
2418 3419 2467 3457 ad
2496 3419 2580 3456 offi-

1520 3477 1620 3513 cium
1641 3476 1731 3513 illud
1751 3475 1949 3525 pertinent.
1976 3475 2053 3512 Sed
2073 3474 2243 3512 officium
2261 3472 2440 3522 principis
2459 3479 2580 3508 terrae

1521 3538 1575 3567 est
1603 3530 1865 3566 malefactores
1884 3528 2072 3576 occidere,
2101 3535 2143 3565 ut
2170 3526 2312 3564 dictum
2341 3533 2398 3563 est
2415 3524 2446 3562 *.
2477 3525 2579 3571 Ergo

2633 1877 2640 1884 .
2644 1837 2794 1884 ιιὸοιιιιίἠιιῗιὶῑιῖ
2801 1845 2813 1851 ”

2608 2800 2618 2811 ·
2626 2798 2760 2827 lucem„
2765 2805 2817 2828 cap.

2606 2832 2632 2853 u,
2642 2831 2702 2848 vm.
2717 2831 2753 2854 ²⁴·

2607 2904 2617 2915 ⁸
2638 2903 2691 2926 Act.
2713 2909 2763 2932 cap.
2785 2909 2817 2931 v,

2607 2935 2665 2952 vern.
2680 2936 2693 2959 3
2707 2936 2760 2958 ης.

2630 3175 2698 3198 Ven-
2712 3181 2736 3202 4.

2608 3539 2618 3550 ’
2631 3539 2683 3562 An.
2700 3538 2805 3566 praeced.
