2860 4244
33 469 43 478 ⁸
54 467 110 495 Οἱς.
120 467 149 494 V,
160 473 199 494 m,
215 472 243 488 πο

43 492 151 515 Momms.
164 499 241 521 parag.

31 821 240 848 ’IbidaszMomm

31 853 108 876 parag.
120 847 158 872 ιδ».

10 1239 41 1267 ¹*
53 1254 124 1278 Νιιιι.
139 1260 156 1278 ¹.

2424 121 2428 136 Ι

952 208 1219 254 QUAESTIO
1250 210 1371 256 LXII,
1400 210 1696 247 ARTICULUS
1724 210 1774 247 VI
2403 209 2447 245 55

271 288 311 318 ad
341 287 574 318 restitutionem
609 287 772 318 fructuum
806 293 1030 328 perceptorum
1060 293 1338 325 consumptorum.

270 374 371 405 factus
387 382 435 405 est
453 385 490 405 ex
504 385 537 405 re
553 375 653 406 aliena
668 375 868 415 locupletior,
887 380 1012 404 tenetur
1030 374 1068 403 ad
1088 373 1336 404 restitutionem:

271 425 302 449 et
331 419 371 449 ad
401 419 463 450 hoc
491 426 538 450 est
565 426 667 450 textus
701 419 778 450 iuris
808 417 922 453 civilis,
951 416 982 447 ff.
1014 417 1054 447 de
1079 417 1171 447 Petit.
1194 418 1335 455 Hercei„

270 462 292 493 1.
315 462 397 494 Item
427 465 575 501 veniunt,
600 463 618 504 5
641 464 708 494 Eos
729 468 835 493 autem
851 461 879 492 '⁸‘-
908 461 956 491 Ex
982 460 1032 490 his
1062 461 1147 490 enim
1176 461 1339 500 consurgit

270 507 359 547 quod
383 507 522 547 pretium
544 507 738 548 quandoque
763 511 967 545 computatur
988 504 1061 535 loco
1081 504 1135 540 rei,
1160 511 1238 543 puta
1263 514 1337 534 cum

270 550 349 581 mihi
373 551 526 582 donatam
548 561 615 582 rem
639 550 775 580 alienam
796 549 939 585 vendidi,
970 548 1070 579 factus
1095 558 1168 578 sum
1192 548 1277 578 enim
1301 558 1337 578 ex

268 594 322 625 illa
340 594 546 635 locupletior:
571 601 603 625 et
624 595 819 635 quandoque
834 602 911 628 non,
928 599 1006 633 puta
1022 602 1096 622 cum
1112 599 1254 632 emptam
1269 602 1336 622 rem

268 638 397 669 vendidi
412 639 480 669 sine
494 639 584 669 lucro
600 647 638 668 ex
652 644 740 678 parte
755 637 809 668 rei.
833 637 874 668 Et
889 646 997 667 rursus
1014 636 1220 676 consumptio
1236 646 1337 677 quan-

270 683 376 723 doque
400 688 604 722 computatur
626 681 700 712 loco
723 681 777 718 rei,
803 687 839 712 ut
861 690 935 711 cum
959 681 1164 721 quotidianos
1188 687 1337 720 sumptus

269 736 307 756 ex
329 736 362 756 re
384 726 487 756 aliena
505 725 668 765 percipio,
693 735 776 766 quos
807 735 844 755 ex
867 725 998 765 proprio
1023 724 1211 760 effecissem,
1235 724 1336 755 factus

268 779 341 800 sum
364 769 450 800 enim
474 779 511 799 ex
533 769 582 799 his
605 769 726 800 evitatis
751 769 894 809 expensis
916 769 1109 809 locupletior
1131 767 1178 811 (et
1200 769 1263 799 hoc
1287 778 1336 798 ex-

268 823 374 854 presse
405 813 520 844 dicitur
546 813 640 850 ibid.‚
665 813 685 844 l.
709 814 773 844 Sed
795 819 827 844 et
849 814 877 844 si
899 813 987 854 lege,
1012 813 1030 854 5
1049 813 1144 851 Quod
1165 818 1272 843 autem
1288 810 1334 854 *):

268 857 464 898 quandoque
487 867 567 894 non,
593 863 628 888 ut
651 867 726 888 curn
749 857 935 897 consumpsi
959 857 1035 898 quia
1058 857 1262 887 abundabam
1284 856 1336 886 ha-

267 902 374 932 bendo
397 902 495 932 talem
517 911 599 938 rem,
626 911 683 932 nec
711 901 855 932 fecissem
884 901 960 932 tales
984 907 1132 941 sumptus
1155 900 1216 930 nisi
1239 899 1336 931 talem

268 955 336 976 rem
358 945 552 976 habuissem.

323 989 375 1020 111.
391 990 442 1020 Ad
459 989 649 1020 evidentiam
663 989 759 1020 huius
775 989 829 1025 rei,
843 988 1170 1029 praesupponendum
1185 994 1232 1018 est
1246 988 1336 1028 quod

267 1043 372 1064 sermo
395 1040 482 1064 totus
506 1040 553 1065 est
576 1034 614 1064 de
630 1041 813 1074 possessore
828 1034 932 1063 bonae
947 1031 1031 1068 fidei,
1053 1031 1108 1072 qui
1133 1038 1240 1061 tamen
1263 1038 1337 1071 post

267 1077 388 1109 factum
411 1078 566 1118 comperit
588 1087 621 1108 se
637 1078 777 1108 alienum
792 1076 980 1118 possedisse,
1002 1082 1034 1106 et
1056 1082 1183 1116 paratus
1200 1082 1247 1106 est
1265 1075 1336 1106 uni-

268 1121 384 1162 cuique
407 1132 504 1153 suum
526 1122 671 1152 reddere:
704 1121 743 1151 de
765 1121 828 1151 hoc
851 1120 938 1151 enim
967 1120 1023 1160 qui
1051 1119 1260 1150 solummodo
1288 1130 1335 1150 ra-

267 1165 355 1196 tione
377 1166 423 1202 rei
444 1172 569 1197 tenetur
592 1165 736 1206 quaestio
760 1171 820 1201 est,
845 1165 885 1194 ad
908 1164 987 1205 quid
1009 1164 1188 1195 teneturin
1211 1163 1336 1194 casibus

266 1208 465 1240 huiusmodi.
493 1209 527 1240 Si
548 1215 631 1240 recte
653 1209 750 1249 igitur
772 1208 1002 1248 perspiciamus
1025 1207 1164 1238 formam
1189 1217 1335 1238 commu-

266 1252 381 1285 tativae
402 1253 540 1284 iustitiae
562 1253 752 1284 antedictam
768 1252 803 1289 *,
827 1252 992 1293 apparebit
1021 1253 1109 1293 quod
1138 1262 1205 1282 non
1228 1252 1335 1282 solum

266 1306 316 1328 res
333 1297 403 1338 ipsa
425 1297 528 1328 aliena
557 1297 678 1337 obligat
699 1307 916 1337 possessorem
944 1296 983 1327 ad
1006 1295 1256 1332 restitutionem,
1280 1296 1335 1326 sed

266 1341 639 1383 etiamgmdquid‘loco
663 1341 707 1372 rei
726 1341 886 1376 successit,
902 1347 938 1372 ut
961 1340 1100 1381 pretium
1123 1340 1173 1370 vel
1196 1339 1334 1377 effectus,

238 1382 354 1416 Ἰῖἴκ
375 1385 424 1416 bis
448 1385 549 1416 factus
572 1391 620 1416 est
641 1395 807 1425 possessor
828 1385 1036 1425 locupletior,
1059 1384 1179 1424 obligat
1197 1384 1334 1414 eundem

266 1429 308 1460 ad
330 1429 572 1460 restitutionem.
598 1429 644 1460 Ita
666 1430 755 1470 quod
778 1429 860 1460 inter
873 1439 942 1459 rem
963 1429 1068 1468 ipsam
1090 1429 1226 1458 alienam
1251 1434 1282 1458 et
1303 1428 1336 1458 id

266 1474 357 1515 quod
378 1474 453 1504 loco
470 1473 538 1504 eius
562 1473 712 1504 successit
733 1473 810 1503 haec
834 1470 881 1503 est
903 1472 1077 1503 differentia
1099 1472 1133 1502 in
1156 1471 1335 1512 proposito,

266 1517 358 1559 quod
378 1527 428 1549 res
450 1518 520 1558 ipsa
543 1517 663 1558 obligat
685 1526 902 1557 possessorem
926 1516 1111 1556 simpliciter
1126 1522 1157 1546 et
1176 1516 1335 1551 absolute;

265 1561 300 1593 id
313 1571 389 1593 vero
413 1562 504 1603 quod
524 1562 600 1593 loco
615 1561 659 1592 rei
682 1561 832 1592 successit
846 1558 966 1600 obligat
979 1569 1199 1600 possessorem
1215 1559 1336 1590 solum-

266 1606 367 1637 modo
389 1606 423 1637 in
445 1616 532 1643 casu,
556 1605 687 1647 quando
711 1605 888 1639 scilicetex
911 1605 974 1635 hoc
1000 1604 1101 1635 factus
1124 1610 1172 1634 est
1194 1604 1337 1643 locuple-

266 1650 339 1691 tior,
356 1656 388 1681 et
409 1650 450 1680 ad
472 1657 598 1681 tantum
613 1655 772 1691 quantum
787 1649 888 1679 factus
905 1655 951 1680 est
973 1647 1175 1688 locupletior,
1197 1654 1233 1678 ut
1256 1648 1336 1678 bene

265 1694 318 1726 ius
341 1694 432 1725 civile
445 1693 464 1713 *
484 1693 633 1725 decernit.
663 1693 705 1724 Et
728 1693 767 1723 de
789 1703 821 1723 re
836 1692 968 1734 quidem
990 1692 1070 1723 ratio
1088 1691 1255 1722 manifesta
1279 1699 1336 1722 est.

266 1738 315 1770 De
338 1747 378 1770 eo
393 1748 470 1769 vero
493 1738 584 1779 quod
605 1738 679 1768 loco
698 1737 743 1768 rei
762 1737 912 1768 successit
935 1737 974 1766 ad
996 1736 1133 1772 lucrum,
1156 1735 1337 1766 manifesta-

266 1789 334 1815 tur:
364 1782 442 1824 quia
469 1781 628 1823 quidquid
655 1781 735 1812 lucri
758 1791 796 1812 ex
817 1791 850 1811 re
874 1780 976 1811 aliena
1005 1781 1092 1821 apud
1118 1789 1337 1820 possessorem

267 1833 324 1863 est,
347 1836 446 1857 suum
467 1836 535 1857 non
550 1832 611 1862 est;
635 1836 672 1856 ac
694 1835 751 1866 per
765 1825 838 1861 hoc,
863 1831 1022 1866 quantum
1045 1824 1141 1855 habet
1163 1825 1202 1854 de
1226 1823 1336 1854 huius-

267 1870 359 1902 modi
380 1871 486 1907 lucro,
510 1876 636 1902 tantum
659 1869 754 1900 habet
776 1869 850 1910 plus
873 1879 972 1910 quam
996 1879 1092 1899 suum
1116 1874 1178 1904 est;
1207 1874 1238 1898 et
1262 1878 1336 1898 cum

267 1914 421 1946 dominus
449 1915 494 1946 rei
520 1913 709 1945 tantundem
737 1914 851 1944 habeat
880 1913 987 1943 minus
1016 1913 1055 1943 de
1085 1922 1162 1948 sun,
1190 1919 1336 1952 oportet,

266 1959 446 1990 secundum
466 1958 604 1990 iustitiae
628 1957 875 1989 commutativae
902 1957 1058 1993 formam,
1083 1956 1198 1987 auferri
1221 1966 1239 1986 a
1263 1966 1338 1996 pos-

267 2013 389 2038 sessore
418 2013 485 2034 non
508 2010 568 2034 suo
597 2008 629 2033 et
652 2002 718 2032 dari
742 2002 876 2032 domino
900 2001 963 2038 rei,
989 2008 1025 2032 ut
1047 2001 1091 2031 sic
1113 2000 1194 2031 inter
1218 2010 1272 2031 eos
1297 2001 1336 2031 sit

266 2047 451 2089 aequalitas.
468 2065 486 2070 -
503 2046 545 2078 Et
566 2045 642 2077 huic
664 2045 779 2077 rationi
795 2045 904 2076 omnia
927 2052 1114 2076 consonant.
1143 2045 1227 2075 Nam
1246 2045 1276 2075 ’si
1300 2054 1336 2075 ex

266 2091 355 2124 dono
378 2091 529 2132 possideo
553 2090 695 2121 alienum
718 2097 749 2121 et
770 2090 910 2126 vendidi,
933 2097 1044 2120 teneor
1067 2090 1107 2120 de
1130 2089 1243 2129 pretio,
1268 2098 1335 2130 quo

266 2135 368 2168 factus
391 2145 464 2166 sum
486 2135 688 2175 locupletior.
713 2134 746 2165 Si
761 2141 869 2165 autem
885 2134 948 2164 emi
971 2133 1060 2174 prius
1082 2140 1112 2164 et
1135 2139 1246 2173 postea
1261 2143 1337 2164 ven-

266 2180 333 2211 didi
355 2180 423 2210 sine
437 2179 528 2209 lucro
552 2189 589 2209 ex
607 2185 696 2219 parte
712 2178 756 2208 rei
780 2177 942 2221 (quamvis
964 2178 1044 2208 forte
1058 2177 1199 2208 lucratus
1218 2177 1334 2208 fuerim

266 2234 305 2256 ex
318 2224 428 2255 labore
441 2223 494 2253 vel
507 2223 662 2254 industria
677 2221 850 2265 adiuncta),
873 2232 940 2253 non
959 2228 1070 2253 teneor
1093 2222 1132 2251 de
1151 2222 1270 2262 aliquo.
1295 2222 1336 2252 Et

266 2268 411 2299 similiter
429 2267 456 2298 si
479 2277 516 2298 ex
539 2267 627 2297 dono
654 2267 800 2297 habitum
822 2266 955 2303 donavi,
979 2276 1046 2296 non
1070 2275 1143 2296 sum
1166 2275 1203 2296 ex
1226 2275 1258 2296 re
1281 2266 1336 2296 illa

265 2312 368 2344 factus
383 2311 583 2351 locupletior.
608 2311 656 2342 De
672 2310 918 2350 consumptione
935 2320 1067 2351 quoque
1083 2309 1242 2340 distinctio
1260 2319 1334 2340 con—

266 2363 374 2388 sonat:
408 2356 538 2397 quando
567 2355 685 2386 scilicet
713 2355 919 2395 consumptio
945 2354 1101 2384 redundat
1127 2353 1278 2384 indirecte
1301 2354 1334 2384 in

265 2401 409 2436 lucrum,
433 2406 511 2440 puta
538 2399 615 2440 quia
637 2399 887 2439 consumpsisset
913 2398 1102 2429 tantundem
1125 2398 1165 2428 de
1188 2398 1334 2438 proprio,

266 2451 344 2477 tunc
364 2444 449 2475 enim
473 2444 623 2474 indirecte
646 2443 746 2474 factus
770 2450 817 2473 est
838 2442 1045 2483 locupletior;
1062 2459 1080 2465 -
1104 2442 1234 2481 quando
1258 2452 1334 2472 vero

266 2488 472 2529 consumptio
495 2488 529 2518 in
548 2488 676 2518 nullum
694 2487 851 2517 redundat
873 2487 1009 2523 lucrum,
1034 2486 1074 2516 ad
1097 2485 1177 2515 nihil
1200 2492 1335 2517 tenetur.

242 2542 243 2545 ’
265 2533 399 2574 Propter
421 2532 510 2574 quod
533 2532 683 2562 invitatus
699 2532 739 2561 ad
755 2541 889 2562 coenam
904 2531 948 2561 rei
965 2530 1108 2566 furtivae,
1126 2530 1151 2560 si
1171 2530 1256 2560 bona
1272 2529 1334 2560 fide

267 2584 380 2609 coenat
403 2578 435 2608 et
456 2576 535 2607 nihil
557 2583 725 2616 propterea
747 2576 897 2612 lucratur,
921 2575 997 2616 quia
1019 2574 1155 2605 omnino
1178 2574 1211 2604 in
1236 2575 1335 2604 domo

267 2621 396 2663 propria
418 2627 544 2652 tantum
568 2620 717 2660 expendit
738 2620 765 2650 si
786 2619 821 2649 in
844 2629 880 2650 ea
905 2626 1018 2650 coenat
1040 2626 1199 2659 quantum
1213 2618 1239 2648 si
1256 2629 1334 2656 non,

267 2666 308 2697 ad
330 2665 411 2696 nihil
431 2671 574 2696 tenetur:
600 2665 655 2695 sed
678 2665 704 2694 si
726 2664 840 2706 ebrhoc
855 2664 944 2704 quod
960 2664 1000 2694 ad
1016 2663 1200 2694 convivium
1216 2663 1336 2694 accedit

266 2710 374 2741 minus
396 2709 486 2740 domi
509 2708 666 2749 expendit,
686 2715 820 2745 tenetur,
836 2718 903 2739 non
923 2708 961 2738 de
977 2714 1066 2738 tanto
1085 2713 1243 2748 quantum
1260 2717 1336 2738 con-

267 2754 366 2786 sumit
387 2753 421 2783 in
446 2763 561 2789 coena,
586 2753 642 2783 sed
665 2759 823 2793 quantum
848 2753 988 2783 lucratus
1018 2758 1065 2782 est
1087 2751 1238 2782 indirecte
1268 2761 1334 2781 non

267 2797 475 2839 expendendo
499 2803 531 2827 et
553 2796 752 2827 comedendo
775 2796 913 2836 propria.
937 2796 978 2826 Et
998 2795 1142 2826 similiter
1164 2795 1335 2826 dicendum

269 2843 308 2872 de
329 2847 416 2872 veste
445 2840 583 2881 pretiosa
613 2847 804 2880 consumpta
834 2840 963 2881 qualem
990 2850 1057 2870 non
1085 2839 1336 2879 consumpsisset

268 2885 329 2917 nisi
351 2886 440 2916 dono
462 2884 636 2915 habuisset:
661 2894 727 2914 non
751 2884 837 2914 enim
854 2890 979 2914 tenetur
1001 2884 1040 2913 de
1064 2890 1153 2913 tanto
1177 2890 1336 2923 quantum

267 2930 392 2961 valebat
406 2928 500 2959 vestis
516 2927 580 2964 ina,
599 2928 655 2958 sed
670 2935 828 2968 quantum
845 2927 1094 2967 consumpsisset
1112 2928 1150 2957 de
1167 2937 1224 2957 sua
1238 2933 1335 2958 veste.

268 2975 331 3005 Pro
353 2972 491 3013 generali
514 2972 601 3003 enim
623 2972 731 3012 regula
753 2972 788 3002 in
810 2971 1050 3002 succedentibus
1074 2978 1105 3001 et
1127 2971 1281 3001 fructibus
1305 2978 1336 3001 et

269 3017 431 3049 effectibus
453 3016 499 3047 rei
521 3016 704 3047 habendum
728 3023 774 3046 est
797 3016 887 3056 quod
910 3015 1118 3045 solummodo
1141 3021 1266 3045 tenetur
1287 3015 1334 3045 in-

268 3068 427 3104 quantum
442 3060 563 3102 aliquid
579 3060 659 3091 lucri
674 3060 725 3090 vel
739 3060 856 3091 directe
871 3059 991 3096 habuit,
1009 3066 1044 3090 ut
1059 3066 1136 3099 puta
1153 3059 1334 3099 recipiendo

269 3106 408 3148 pretium
429 3104 598 3136 locationis
621 3105 737 3135 domus
766 3111 796 3135 et
819 3103 982 3135 fructuum
1006 3103 1070 3144 agri
1101 3110 1131 3134 et
1160 3103 1333 3139 similium;

269 3144 320 3182 vel
346 3150 513 3185 indirecte,
544 3155 580 3179 ut
609 3155 686 3189 puta
715 3149 791 3189 quia
818 3155 944 3179 tantum
973 3148 1171 3188 expendisset
1194 3148 1233 3178 de
1257 3156 1333 3178 suo:
1360 3169 1362 3180 ι

269 3201 408 3235 utroque
432 3193 518 3224 enirn
541 3193 641 3223 modo
670 3192 773 3224 factus
797 3199 843 3223 est
864 3192 1057 3232 locupletior
1086 3192 1119 3222 in
1142 3198 1268 3222 tantum
1298 3202 1336 3222 ex

269 3249 303 3269 re
325 3238 437 3269 aliena.
461 3238 616 3268 Notanter
639 3236 784 3273 dicimus,
800 3246 842 3267 ex
860 3247 897 3267 re
915 3237 1038 3274 aliena,
1063 3237 1103 3267 ad
1128 3235 1335 3266 differentiam

268 3282 349 3314 lucri
370 3292 408 3313 ex
429 3282 557 3322 propria
571 3281 739 3311 industria:
762 3291 829 3311 non
843 3281 930 3311 enim
948 3287 1072 3311 tenetur
1095 3281 1134 3311 de
1156 3280 1211 3311 tali
1233 3280 1334 3311 lucro.

269 3327 440 3367 Propterea
463 3326 489 3356 si
510 3325 694 3356 habuissem
725 3325 894 3365 pecuniam
917 3325 1053 3355 alienam
1076 3332 1106 3355 et
1129 3334 1204 3355 cum
1227 3334 1264 3354 ea
1286 3325 1334 3355 lu-

270 3377 374 3402 cratus
397 3370 539 3406 fuissem,
563 3379 629 3399 non
652 3376 774 3400 tenerer
796 3369 835 3399 de
858 3369 912 3400 tali
934 3369 1039 3400 lucro:
1064 3375 1095 3399 et
1118 3369 1156 3399 de
1179 3368 1335 3399 similibus

270 3414 356 3445 idem
371 3421 418 3445 est
431 3414 597 3445 iudicium.
610 3431 629 3437 -
641 3414 682 3444 Et
698 3423 734 3444 ex
749 3413 798 3444 his
817 3419 903 3452 patet
925 3423 1023 3454 quare
1045 3413 1241 3454 quandoque
1264 3422 1334 3452 pre-

270 3459 353 3489 tium
375 3459 408 3489 in
437 3458 604 3499 proposito
633 3457 772 3488 succedit
798 3457 872 3487 loco
895 3457 953 3493 rei,
979 3463 1009 3488 et
1032 3458 1227 3499 quandoque
1252 3465 1334 3487 non:

271 3502 347 3543 quia
369 3503 564 3543 quandoque
587 3502 681 3533 habet
703 3501 860 3532 rationem
882 3511 949 3531 non
973 3501 1021 3532 sui
1045 3508 1187 3541 respectu
1212 3510 1335 3541 posses·

271 3546 361 3583 soris,
385 3547 514 3588 quando
534 3546 651 3578 scilicet
665 3545 767 3576 reddit
779 3545 887 3585 ipsum
902 3545 1158 3586 locupletiorem;
1183 3552 1214 3576 et
1236 3555 1336 3586 quan-

1363 287 1365 327 ξ
1390 288 1497 328 doque
1520 288 1616 319 habet
1638 288 1794 319 rationem
1818 288 1886 324 sui,
1911 288 2040 328 quando
2065 287 2182 318 scilicet
2205 293 2344 317 servatur
2367 286 2454 316 inde-

270 330 395 362 Dicitur
417 331 531 361 deinde
555 332 644 372 quod
668 332 939 372 quandocumque
962 339 1127 370 possessor
1146 330 1249 360 bonae
1266 330 1338 361 fidei
1363 337 1365 352 ³

1390 332 1483 362 mnis.
1514 333 1555 362 Et
1582 332 1725 363 similiter
1753 338 1799 362 est
1827 331 2109 372 proportionaliter
2136 332 2175 361 de
2198 330 2453 371 consumptione.

1445 376 1506 406 Sed
1529 383 1624 406 restat
1636 376 1740 410 adhuc
1759 386 1862 406 unum
1878 376 2028 406 dubium:
2053 375 2128 416 quia
2144 375 2261 405 scilicet
2276 375 2453 405 secundum

1389 419 1566 449 doctrinam
1589 420 1670 450 hanc
1698 430 1763 450 non
1781 420 1906 450 videtur
1928 430 2030 460 aequa
2052 419 2101 449 lex
2120 419 2179 449 ista
2197 419 2236 448 de
2255 419 2453 450 restitutione

1390 472 1426 492 ex
1449 470 1536 502 parte
1559 463 1614 501 rei,
1638 464 1694 494 sed
1717 464 1872 494 claudicat
1893 474 1930 494 ex
1953 474 2017 494 una
2039 470 2141 503 parte,
2166 463 2284 493 scilicet
2307 473 2343 493 ex
2366 469 2454 502 parte

1390 507 1589 545 possessoris.
1621 508 1704 537 Nam
1731 518 1895 548 possessor
1922 514 2016 538 staret
2045 507 2078 537 in
2107 501 2248 547 periculo
2272 507 2399 542 damni,
2424 513 2455 536 et

1390 559 1456 579 non
1480 550 1576 586 lucri,
1600 551 1667 581 sine
1691 551 1755 582 ulla
1778 552 1871 591 culpa
1894 562 1961 582 sua.
1992 551 2175 582 Declaratur
2199 551 2337 591 sequela.
2369 550 2453 588 Quia

1388 603 1552 632 possessor
1576 594 1632 634 qui
1655 595 1731 625 emit
1754 602 1878 626 tenetur
1892 595 2054 626 restituere
2069 605 2136 625 rem
2159 595 2246 635 apud
2265 604 2298 624 se
2321 594 2453 625 existen-

1389 643 1468 672 tem,
1493 637 1588 667 etiam
1612 637 1637 667 si
1661 648 1726 668 non
1750 639 1850 678 possit
1879 639 2016 678 pretium
2045 639 2133 679 quod
2162 639 2248 669 dedit
2269 648 2453 678 recuperare

1389 690 1407 710 a
1422 681 1596 717 venditore,
1614 688 1649 711 ut
1664 689 1749 721 patet
1772 692 1808 712 ex
1824 683 1914 713 dictis
1929 683 1961 713 *:
1986 691 2016 714 et
2035 690 2141 713 tamen
2165 692 2333 725 nunquam
2349 689 2455 722 potest

1388 724 1518 760 lucrari,
1543 725 1618 765 quia
1639 725 1830 765 inquantum
1854 734 1900 757 est
1922 727 2022 757 factus
2045 727 2245 767 locupletior,
2267 733 2392 758 tenetur
2406 736 2453 757 re-

1389 767 1527 804 stituere,
1553 775 1588 799 ut
1611 769 1732 799 dictum
1755 777 1811 800 est.

1444 812 1506 842 Sed
1535 812 1597 842 hoc
1627 823 1693 842 non
1717 821 1763 843 est
1792 813 1916 844 difficile
1943 814 2080 850 solvere,
2105 814 2333 844 considerando
2364 815 2453 855 quod

1388 855 1539 896 obligatio
1564 857 1604 886 ad
1619 856 1849 887 restituendum
1873 858 1911 887 de
1934 868 1998 898 qua
2022 857 2185 897 loquimur
2208 868 2274 888 non
2293 858 2394 888 oritur
2417 868 2454 888 ex

1387 900 1512 930 actione
1542 907 1597 931 aut
1626 900 1790 940 passione,
1821 902 1874 931 sed
1904 911 1940 931 ex
1968 901 2036 941 ipsa
2059 911 2091 931 re
2115 901 2231 938 aliena,
2262 902 2312 932 cui
2343 902 2455 933 accidit

1388 944 1477 984 quod
1501 945 1539 974 ab
1562 944 1625 974 hoc
1648 954 1830 984 possessore
1853 945 2005 975 habeatur
2029 945 2115 975 dono
2130 945 2182 974 vel
2204 946 2317 985 pretio,
2340 956 2376 976 ac
2399 956 2455 986 per

1387 988 1450 1018 hoc
1479 988 1568 1028 quod
1591 988 1649 1018 iste
1673 987 1892 1019 damnificetur
1915 995 1945 1019 et
1968 999 2033 1019 non
2057 989 2119 1019 ille.
2150 989 2234 1025 Quia
2258 999 2331 1029 ergo
2359 999 2453 1029 posse

1388 1032 1543 1062 damnum
1566 1032 1724 1064 incurrere
1747 1042 1962 1072 possessorem
1988 1043 2024 1063 ex
2047 1042 2080 1063 re
2096 1032 2196 1062 aliena
2218 1043 2283 1062 non
2308 1034 2455 1073 provenit

1388 1086 1425 1106 ex
1446 1076 1518 1116 ipsa
1540 1086 1592 1112 re,
1617 1076 1671 1106 sed
1696 1086 1733 1106 ex
1756 1077 1856 1106 modo
1886 1076 2052 1107 adiunctae
2075 1076 2223 1112 actionis,
2249 1076 2366 1107 scilicet
2388 1087 2454 1107 em-

1387 1120 1520 1160 ptionis;
1545 1130 1612 1150 non
1627 1120 1740 1150 debere
1763 1127 1871 1150 autem
1893 1120 2006 1150 lucrari
2030 1130 2066 1150 ex
2082 1130 2114 1151 re
2130 1120 2198 1160 ipsa
2221 1121 2380 1160 provenit;
2405 1131 2454 1151 ae-

1387 1164 1540 1205 quissima
1557 1171 1605 1194 est
1619 1164 1826 1195 restitutionis
1841 1164 1890 1194 lex
1906 1174 1943 1194 ex
1955 1171 2042 1205 parte
2058 1164 2111 1200 rei,
2128 1164 2305 1194 secundum
2321 1175 2357 1195 ea
2373 1174 2455 1205 quae

1386 1215 1462 1239 sunt
1485 1218 1540 1249 per
1563 1218 1606 1244 se,
1631 1214 1662 1239 et
1685 1218 1751 1238 non
1774 1208 1952 1238 secundum
1976 1218 2012 1238 ea
2034 1217 2116 1248 quae
2140 1216 2214 1238 sunt
2237 1218 2293 1248 per
2311 1208 2455 1239 accidens

1387 1253 1560 1292 disponens
1574 1252 1600 1283 *.

1442 1297 1495 1327 IV.
1526 1296 1617 1327 Circa
1647 1295 1881 1326 restitutionem
1911 1306 1987 1326 vero
2018 1306 2055 1326 ex
2082 1302 2170 1336 parte
2200 1295 2392 1336 acceptionis
2422 1295 2454 1325 in

1386 1341 1490 1371 littera
1506 1341 1564 1371 tria
1579 1340 1722 1370 membra
1738 1339 1820 1370 fiunt
1831 1340 1857 1371 *.
1871 1340 2016 1370 Primum
2033 1346 2080 1370 est
2102 1340 2233 1380 quando
2249 1340 2391 1379 acceptio
2408 1346 2456 1370 est

1387 1384 1550 1415 iniuriosa.
1585 1385 1626 1414 Et
1655 1391 1732 1414 tunc
1762 1384 1903 1424 acceptio
1933 1384 2002 1424 ipsa
2029 1383 2150 1423 obligat
2178 1383 2385 1423 accipientem
2415 1384 2454 1413 ad

1387 1428 1631 1459 restitutionem.
1655 1428 1696 1458 Et
1718 1428 1777 1458 sub
1800 1428 1862 1458 hoc
1885 1429 2031 1458 membro
2048 1427 2327 1468 comprehenditur
2350 1427 2455 1458 omnis

1387 1472 1504 1503 iniusta
1517 1471 1732 1502 damnificatio
1745 1471 1778 1501 in
1790 1482 1994 1512 quacumque
2010 1480 2057 1502 re:
2078 1472 2121 1503 ita
2133 1472 2221 1512 quod
2233 1471 2367 1502 formale
2382 1481 2456 1502 con-

1387 1516 1593 1547 siderandum
1615 1515 1647 1545 in
1664 1515 1726 1546 hoc
1745 1522 1792 1546 est
1813 1516 1882 1555 ipsa
1901 1515 2124 1552 damnificatio,
2144 1525 2226 1555 quae
2243 1515 2383 1555 acceptio
2398 1526 2455 1546 vo-

1389 1567 1487 1596 catur,
1500 1559 1565 1590 sive
1581 1559 1635 1590 fiat
1652 1559 1816 1599 capiendo,
1830 1559 1895 1589 sive
1911 1559 2140 1595 comburendo,
2154 1560 2218 1589 sive
2234 1559 2454 1599 praecidendo,

1388 1604 1454 1634 sive
1473 1603 1589 1644 quovis
1613 1603 1674 1634 alio
1699 1604 1810 1633 modo.
1835 1603 1967 1643 Semper
1986 1603 2070 1633 enim
2094 1603 2126 1633 in
2150 1603 2336 1633 huiusmodi
2358 1603 2454 1634 inter-

1387 1648 1474 1679 venit
1498 1648 1653 1678 damnum
1677 1647 1820 1677 alterius:
1852 1648 1941 1688 quod
1965 1647 2037 1677 ideo
2062 1654 2108 1677 est
2138 1647 2213 1687 quia
2236 1647 2388 1686 accipitur
2417 1648 2455 1677 ab

1388 1692 1488 1722 invito
1514 1691 1647 1722 domino
1671 1692 1760 1732 quod
1784 1701 1880 1722 suum
1904 1698 1966 1728 est,
1991 1691 2136 1732 quamvis
2160 1691 2239 1721 nulli
2262 1691 2456 1732 quandoque

1389 1737 1496 1773 detur,
1521 1736 1576 1766 sed
1604 1735 1804 1766 annihiletur.
1837 1735 1952 1766 Omnis
1979 1745 2054 1775 ergo
2083 1735 2138 1775 qui
2167 1734 2386 1765 damnificator
2411 1741 2458 1765 est

1390 1780 1518 1811 alterius
1540 1786 1665 1811 tenetur
1688 1780 1727 1809 ad
1742 1779 1985 1816 restitutionem,
2002 1789 2069 1809 non
2088 1779 2209 1810 ratione
2231 1778 2310 1809 lucri
2326 1779 2384 1815 sui,
2401 1779 2455 1809 sed

1389 1825 1512 1855 ratione
1535 1823 1726 1864 acceptionis
1750 1833 1805 1854 seu
1822 1823 2097 1854 damnificationis.
2121 1823 2162 1854 Et
2183 1823 2245 1853 hoc
2269 1823 2456 1853 fundamen-

1389 1875 1469 1905 tum,
1486 1869 1567 1899 hanc
1582 1868 1730 1903 radicem,
1746 1867 1827 1898 hanc
1843 1868 1986 1908 regulam
2001 1868 2082 1898 bene
2097 1874 2188 1898 nota:
2214 1867 2289 1908 quia
2303 1877 2377 1897 cum
2393 1867 2455 1907 pri-

1388 1923 1481 1943 mum
1502 1911 1659 1942 inveneris
1681 1911 1820 1952 aliquem
1839 1911 2033 1952 acceptionis
2052 1911 2187 1942 iniustae
2205 1921 2333 1942 causam
2348 1910 2455 1947 fuisse,

1388 1957 1467 1988 scito
1501 1957 1596 1987 illum
1623 1955 1850 1996 comprehendi
1885 1956 1944 1986 sub
1973 1954 2218 1986 damnificatoris
2246 1955 2393 1991 nomine,
2425 1961 2457 1986 et

1387 2000 1495 2042 ipsum
1518 2000 1695 2040 obligatum
1718 2000 1758 2029 ad
1781 1999 2014 2031 restitutionem
2036 1999 2113 2029 illati
2138 1999 2255 2030 damni.
2281 1999 2455 2030 Considera

1388 2055 1463 2085 ergo
1487 2045 1521 2075 in
1545 2044 1668 2075 casibus
1691 2044 1928 2074 occurrentibus
1952 2044 1977 2074 si
2001 2050 2151 2083 operatus
2167 2049 2214 2073 est
2236 2043 2275 2073 ad
2300 2043 2454 2073 damnum

1389 2089 1531 2120 alterius:
1556 2088 1630 2129 quia
1655 2087 1875 2118 damnificator
1897 2095 1943 2118 est
1965 2088 2078 2128 procul
2093 2087 2203 2123 dubio,
2227 2087 2357 2127 quando
2381 2087 2454 2117 sub-

1389 2140 1516 2164 secutus
1539 2139 1585 2162 est
1609 2142 1646 2162 ex
1668 2142 1725 2162 sua
1747 2132 1890 2162 illatione
1914 2131 2051 2162 effectus.

1443 2178 1483 2208 V.
1507 2176 1692 2207 Secundum
1707 2176 1889 2206 membrum
1904 2182 1951 2206 est
1973 2175 2103 2216 quando
2119 2174 2261 2214 acceptio
2277 2180 2324 2204 est
2346 2183 2384 2204 ex
2397 2183 2454 2204 vo-

1387 2221 1508 2252 luntate
1531 2219 1654 2250 domini
1676 2220 1709 2250 in
1733 2219 1901 2250 utilitatem
1917 2218 2108 2260 accipientis.
2132 2219 2227 2248 Tunc
2250 2218 2346 2248 etiam
2369 2227 2454 2248 acce-

1387 2266 1455 2306 ptio
1474 2265 1543 2305 ipsa
1567 2264 1686 2304 obligat
1704 2263 1911 2303 accipientem
1926 2263 1966 2293 ad
1981 2262 2222 2294 restitutionem.
2247 2262 2288 2292 Et
2311 2262 2369 2291 sub
2392 2262 2455 2292 hoc

1388 2309 1546 2340 membro‘
1556 2318 1623 2339 non
1647 2307 1805 2338 clauditur
1826 2307 1886 2338 nisi
1910 2307 2051 2347 acceptio
2067 2307 2121 2337 illa
2143 2316 2225 2347 quae
2242 2313 2288 2336 est
2310 2315 2369 2345 pro
2386 2306 2455 2336 sola

1388 2353 1522 2384 utilitate
1545 2352 1744 2392 accipientis:
1771 2359 1807 2382 ut
1830 2358 1916 2392 patet
1940 2361 1977 2381 ex
1999 2351 2121 2382 ratione
2143 2350 2274 2386 litterae,
2298 2350 2373 2390 quia
2396 2350 2455 2380 sci-

1388 2398 1460 2428 licet
1482 2404 1607 2427 tenetur
1629 2396 1670 2426 ad
1693 2395 1826 2435 gratiam
1848 2395 2154 2436 recompensandam
2177 2395 2229 2425 ille
2251 2394 2307 2435 qui
2327 2393 2454 2434 accipit3

1387 2442 1450 2472 hoc
1473 2441 1559 2471 enim
1589 2450 1656 2470 non
1683 2440 1778 2470 habet
1804 2440 1913 2470 locum
1937 2440 1970 2469 in
1993 2439 2176 2479 acceptione
2205 2449 2263 2479 pro
2288 2438 2454 2468 communi

1388 2485 1531 2520 utilitate,
1556 2484 1673 2515 scilicet
1695 2484 1844 2514 tradentis
1868 2490 1898 2514 et
1921 2483 2111 2523 accipientis,
2136 2482 2210 2523 quia
2233 2493 2270 2513 ex
2285 2492 2351 2522 quo
2368 2492 2455 2512 corn-

1388 2540 1486 2560 mune
1510 2535 1557 2559 est
1579 2527 1778 2564 beneficium,
1802 2534 1913 2558 neuter
1934 2528 2022 2558 alteri
2045 2534 2169 2558 tenetur
2192 2527 2231 2556 ad
2254 2526 2385 2566 gratiam
2408 2535 2454 2556 re-

1389 2573 1671 2614 compensandam.

1443 2618 1505 2648 Sed
1528 2617 1618 2657 quod
1640 2617 1674 2647 in
1695 2616 1799 2646 littera
1821 2615 1943 2651 dicitur,
1959 2615 2049 2656 quod
2072 2615 2228 2655 accipiens
2247 2614 2280 2644 in
2296 2624 2387 2644 suam
2403 2624 2454 2644 so-

1387 2663 1453 2692 lam
1475 2661 1645 2692 utilitatem
1669 2671 1687 2690 a
1710 2659 1845 2690 domino
1866 2659 2046 2690 voluntario
2073 2665 2198 2690 tenetur
2220 2659 2261 2688 ad
2284 2658 2454 2688 restitutio-

1388 2716 1464 2737 nem
1487 2705 1582 2736 etiam
1606 2705 1632 2735 si
1654 2714 1723 2734 rem
1745 2703 1865 2739 amisit,
1890 2713 1956 2733 non
1987 2709 2070 2734 caret
2096 2703 2258 2742 scrupulo.
2289 2702 2454 2739 Quoniam

1388 2757 1424 2781 ut
1446 2756 1532 2790 patet
1555 2750 1660 2785 Extra,
1681 2749 1721 2779 de
1747 2748 1965 2785 Commodato,
1990 2757 2080 2778 casus
2104 2747 2253 2777 fortuitus
2276 2756 2342 2786 quo
2362 2745 2454 2785 periit

1389 2794 1642 2829 commodatum,
1666 2802 1734 2822 non
1750 2792 1843 2822 debet
1861 2791 2011 2831 imputari
2027 2791 2055 2821 ei
2071 2791 2122 2821 cui
2138 2790 2380 2821 commodatum
2396 2796 2452 2825 est,

1388 2838 1448 2869 nisi
1471 2843 1601 2878 propter
1615 2846 1750 2872 moram,
1767 2836 1895 2875 culpam
1911 2841 1966 2866 aut
1983 2842 2124 2875 pactum.
2147 2835 2221 2864 Non
2237 2840 2362 2864 tenetur
2377 2843 2452 2873 ergo

1387 2882 1444 2923 qui
1474 2881 1586 2921 accipit
1612 2881 1644 2910 in
1673 2889 1765 2910 suam
1788 2879 1926 2919 praecise
1953 2879 2121 2909 utilitatem
2151 2879 2191 2908 ad
2221 2877 2452 2908 restitutionem

1387 2926 1413 2956 si
1436 2935 1504 2955 rem
1527 2924 1631 2955 amisit
1653 2924 1720 2953 sine
1744 2923 1833 2954 omni
1857 2923 1951 2962 culpa
1974 2931 2048 2953 sua:
2080 2922 2226 2963 quamvis
2248 2928 2391 2952 teneatur
2413 2922 2452 2951 de

1386 2969 1545 3000 levissima
1569 2969 1675 3008 culpa,
1701 2974 1737 2998 ut
1759 2967 1878 2997 ibidem
1901 2966 2023 2997 dicitur.
2055 2966 2233 3003 Quomodo
2257 2975 2331 3005 ergo
2355 2965 2452 2995 salva-

1387 3014 1472 3045 bitur
1493 3022 1641 3053 praesens
1663 3011 1765 3042 littera
1795 3011 1940 3042 absolute
1970 3011 2077 3041 dicens
2104 3011 2193 3051 quod
2218 3016 2343 3041 tenetur
2365 3009 2452 3040 resti-

1388 3066 1476 3090 tuere
1499 3057 1593 3088 etiam
1617 3056 1643 3086 si
1666 3065 1734 3086 rem
1757 3053 1914 3086 amiserit?

1442 3102 1494 3132 Ad
1510 3101 1572 3131 hoc
1588 3100 1723 3131 dubium
1745 3099 1818 3130 licet
1840 3099 1902 3129 dici
1920 3098 2002 3129 forte
2020 3105 2129 3138 posset
2151 3098 2240 3139 quod
2262 3100 2385 3129 Auctor
2406 3098 2452 3128 lo—

1387 3146 1496 3187 quitur
1523 3146 1562 3176 de
1586 3144 1768 3184 acceptione
1796 3153 1860 3184 qua
1881 3143 2067 3174 transfertur
2089 3142 2270 3173 dominium
2293 3142 2354 3180 rei,
2378 3142 2452 3182 quia

1388 3191 1442 3221 dat
1464 3189 1646 3229 exemplum
1670 3189 1708 3218 de
1728 3194 1860 3226 mutuo-1
1885 3187 1959 3228 quia
1974 3193 2080 3217 tamen
2100 3187 2243 3227 exempla
2259 3186 2379 3216 ratione
2395 3186 2454 3216 cla-

1387 3234 1478 3265 rioris
1501 3233 1686 3273 disciplinae
1709 3238 1888 3272 ponuntur,
1912 3231 2001 3261 aliter
2023 3231 2193 3261 dicendum
2216 3237 2262 3260 est
2284 3231 2372 3271 quod
2396 3230 2452 3260 do-

1388 3278 1485 3310 ctrina
1499 3277 1629 3308 moralis
1645 3283 1691 3307 est
1714 3276 1891 3307 secundum
1907 3285 1943 3305 ea
1959 3285 2040 3315 quae
2057 3274 2250 3305 conveniunt
2272 3281 2307 3305 ut
2330 3274 2362 3304 in
2382 3274 2452 3314 plu-

1388 3323 1489 3359 ribus,
1515 3332 1573 3352 nec
1596 3327 1723 3362 oportet
1745 3321 1778 3351 in
1800 3319 1972 3350 moralium
1996 3318 2195 3349 documentis
2218 3318 2359 3358 excipere
2382 3328 2452 3348 raro

1389 3366 1612 3406 contingentia.
1638 3365 1731 3396 Unde
1755 3375 1829 3395 cum
1852 3363 1981 3394 fortuita
2003 3363 2065 3393 sint
2088 3363 2127 3392 de
2146 3372 2280 3393 numero
2296 3372 2450 3398 rarorum,

1389 3418 1425 3442 ut
1447 3418 1533 3451 patet
1551 3411 1584 3440 in
1603 3410 1629 3440 11
1645 3410 1772 3450 Phssic.
1787 3409 1813 3445 *,
1838 3417 2035 3447 consequens
2054 3414 2101 3437 est
2123 3407 2211 3447 quod
2234 3416 2380 3447 praesens
2403 3406 2453 3437 lit-

1388 3463 1463 3492 tera,
1485 3456 1602 3485 docens
1626 3453 1757 3484 moralia
1780 3452 1934 3487 absolute,
1951 3461 2024 3481 vera
2038 3458 2093 3487 est,
2110 3450 2255 3481 iudicans
2275 3450 2451 3481 secundum

1389 3500 1421 3530 id
1445 3499 1534 3540 quod
1557 3505 1603 3529 est
1626 3498 1813 3538 frequenter,
1838 3496 1926 3536 quod
1949 3495 2066 3525 scilicet
2089 3495 2243 3535 accipiens
2266 3495 2298 3525 in
2322 3495 2371 3525 sui
2396 3494 2454 3524 uti·

1388 3543 1509 3575 litatem
1542 3542 1679 3583 praecise
1712 3551 1729 3571 a
1759 3540 1891 3571 domino
1922 3539 2102 3570 voluntario
2138 3545 2262 3569 tenetur
2292 3538 2452 3569 restituere

2482 693 2488 699 '
2504 690 2575 712 Num.
2590 697 2605 712 1.

2483 1254 2491 1262 ⁴
2507 1253 2672 1281 dispositiones

2482 1280 2535 1301 ΡΛΒ.

2483 1346 2492 1354 ·
2502 1344 2537 1366 Cf.
2553 1351 2616 1366 num.
2628 1352 2650 1367 v.
2662 1352 2690 1366 vr.

2480 3418 2488 3425 ⁸
2497 3416 2581 3443 Cap.v‚
2593 3423 2615 3438 n.
2625 3423 2643 3444 5.
2654 3423 2687 3439 ¹0:

2479 3448 2528 3470 cap.
2544 3448 2590 3469 vm,
2605 3449 2626 3464 n.
2643 3449 2668 3464 ιι.
2680 3454 2689 3458 -

2479 3469 2503 3490 S.
2514 3469 2557 3490 Th.
2568 3470 2618 3490 lect.
2633 3476 2673 3490 viu
2682 3486 2687 3493 .

2479 3501 2510 3521 ix,
2525 3501 2571 3516 xiv.
