2814 4250
139 910 149 919 ⁸
170 909 221 935 Dig.
242 909 258 935 1,
281 915 298 933 1,
322 908 351 928 de

138 935 212 956 Iusta.
228 937 251 956 et
264 934 324 961 Iure,
335 941 351 955 1.

137 1171 148 1182 ⁴
158 1171 213 1198 Cap.
225 1177 241 1192 11
262 1177 324 1191 num.
336 1177 348 1197 7

138 1187 287 1249 ¹quIq.¹-VS..‘²I'h
296 1198 348 1218 lect.

138 1286 147 1295 ⁸
157 1260 257 1312 Elyrnoi.
270 1285 310 1306 lib.
319 1285 348 1311 V,

138 1317 187 1339 cap.
203 1318 233 1332 iv.

137 1340 145 1350 ⁸
161 1340 211 1359 Art.
227 1338 330 1365 praeced.

136 1588 145 1596 ⁸
160 1586 215 1607 Loc.
231 1586 268 1607 cit.

138 1753 144 1758 ·
159 1751 209 1771 Art.
226 1750 328 1776 praeced.

130 3249 139 3257 ⁸
154 3247 209 3274 Cap.
225 3252 286 3268 xxiv.

131 3296 138 3303 ⁵
154 3295 203 3316 Art.
220 3301 236 3316 1.

130 3507 140 3518 ⁸
155 3507 221 3533 lhid„
237 3508 264 3529 ad
279 3514 300 3530 2.

986 269 1251 316 QUAESTIO
1281 269 1400 315 Lvn,
1428 269 1723 306 ARTICULUS
1754 271 1815 315 111,
1838 270 1888 306 Ν

1177 385 1493 426 ARTICULUS
1523 385 1749 427 TERTIUS

874 478 1028 508 UTRUM
1053 477 1118 507 ius
1143 476 1341 507 GENTHJM
1365 476 1430 507 srr
1455 476 1561 506 IDEM
1586 475 1678 507 CUM
1702 477 1802 508 IURE
1826 477 2048 508 NATURALl

1091 554 1114 578 Ι·
1133 554 1189 586 11²⁶,
1208 562 1252 587 qu.
1271 561 1328 583 xcv,
1347 558 1394 582 art.
1412 561 1438 585 4,
1458 554 1489 578 ad
1513 561 1540 584 13
1559 553 1583 577 V
1602 554 1697 584 Ethic„
1718 555 1775 580 lect.
1795 563 1839 580 xn.

414 670 425 681 ,
461 656 469 669 ι
494 660 541 683 „s
590 649 612 673 D
627 647 786 672 TERTIUM
801 647 853 672 stc
869 646 1097 671 PROCEDITUR
1107 634 1138 671 ³³⁶.
1158 633 1317 671 Videtur
1331 634 1435 683 quod
1463 658 1465 674 ,

589 689 647 725 ius
666 688 832 736 gentium
854 687 899 724 sit
927 687 1030 724 idem
1051 699 1137 724 curn
1158 687 1238 724 iure
1265 687 1434 724 naturali.
1463 678 1465 714 ῗ

416 737 428 749 '¹
452 758 506 778 *rx
557 738 680 778 Non
710 741 809 778 enim
839 752 974 776 omnes
998 740 1174 777 homines
1204 740 1437 777 conveniunt

377 847 413 883 in
443 847 523 883 iure
552 847 720 894 gentium
741 859 877 883 omnes
905 846 1081 883 homines
1102 846 1353 883 conveniunt:
1383 846 1436 883 di-

378 900 426 936 cit
455 899 555 936 enim
595 900 883 936 Iurisconsultus
902 899 922 920 '¹‘
950 899 1055 947 quod
1091 900 1147 936 ius
1179 900 1347 948 gentium
1385 905 1439 936 est

377 964 449 1001 quo
477 958 606 1002 gentes
633 954 823 990 humanae
852 958 1014 989 utuntur.
1045 953 1146 1000 Ergo
1182 952 1238 989 ius
1267 952 1435 1000 gentium

378 1013 433 1042 est
460 1005 517 1042 ius
546 1007 727 1043 naturale.

431 1070 466 1095 2.
488 1059 719 1105 ΡΗΑΕΤΕΒΕΑ,
741 1058 900 1096 servitus
929 1059 1024 1095 inter
1042 1057 1219 1095 homines
1248 1065 1303 1094 est
1331 1065 1436 1095 natu-

377 1111 482 1148 ralis:
514 1112 672 1160 quidam
694 1112 794 1148 enim
816 1119 902 1149 sunt
921 1111 1137 1148 naturaliter
1160 1111 1271 1158 servi,
1292 1118 1332 1147 ut
1351 1111 1436 1147 Phi-

376 1164 559 1212 losophus
583 1165 731 1214 probat,
757 1165 795 1201 in
815 1166 828 1202 1
849 1165 955 1202 Polit.
971 1164 991 1186 ²¹⁵
1022 1164 1098 1201 Sed
1129 1163 1328 1205 servitutes
1353 1177 1437 1212 per-

375 1217 494 1254 tinent
514 1222 531 1238 ⁰²
559 1218 607 1255 ad
626 1218 684 1256 ius
705 1218 886 1266 gentium,
915 1225 957 1254 ut
982 1217 1147 1254 Isidorus
1177 1217 1263 1254 dicit
1281 1216 1311 1253 ³¹⁶.
1334 1218 1435 1265 Ergo

375 1270 433 1307 ius
462 1270 630 1317 gentium
661 1279 716 1308 est
742 1271 800 1308 ius
829 1271 1010 1308 naturale.

431 1323 464 1359 3.
487 1323 719 1371 PRAETEREA,
736 1324 805 1368 ius,
822 1331 862 1360 ut
886 1323 1028 1360 dictum
1050 1329 1105 1359 est
1123 1323 1153 1368 *,
1171 1321 1350 1358 dividitur
1368 1334 1437 1370 per

375 1375 433 1412 ius
462 1378 630 1413 naturale
662 1385 697 1413 et
725 1376 946 1425 positivum.
977 1375 1053 1412 Sed
1073 1375 1131 1411 ius
1159 1374 1328 1421 gentium
1358 1387 1435 1411 non

375 1435 430 1464 est
457 1428 514 1465 ius
541 1429 772 1477 positivum:
803 1441 880 1465 non
911 1428 1010 1465 enim
1040 1440 1176 1464 omnes
1209 1435 1339 1476 gentes
1367 1440 1436 1465 un-

375 1493 489 1529 quam
519 1490 782 1519 convenerunt
806 1490 846 1519 ut
875 1494 919 1519 ex
949 1480 1146 1518 communi
1167 1480 1342 1518 condicto
1371 1481 1436 1518 ali-

374 1534 464 1582 quid
486 1542 703 1573 statuerent.
725 1536 827 1583 Ergo
843 1535 901 1572 ius
920 1534 1088 1583 gentium
1109 1541 1163 1570 est
1177 1533 1234 1570 ius
1253 1535 1434 1578 naturale.

428 1588 502 1624 SED
523 1599 670 1625 CONTRA
697 1600 763 1625 EST
783 1588 888 1636 quod
909 1587 1075 1625 Isidorus
1097 1586 1184 1624 dicit
1202 1587 1232 1634 ³¹²,
1254 1587 1359 1636 quod
1379 1587 1435 1625 ius

373 1646 441 1676 aut
467 1642 639 1678 naturale
666 1648 729 1687 est,
759 1648 824 1678 aut
851 1641 978 1686 civile,
1007 1646 1075 1677 aut
1098 1640 1279 1690 gentium.
1310 1641 1358 1677 Et
1386 1641 1435 1678 ita

373 1693 431 1729 ius
460 1694 628 1741 gentium
659 1694 895 1742 distinguitur
922 1706 944 1730 a
973 1694 1052 1731 iure
1081 1693 1251 1730 naturali.

427 1747 652 1785 RESPONDEO
681 1760 866 1785 DiCENDuM
895 1747 1012 1796 quod,
1033 1747 1128 1784 sicut
1157 1746 1300 1784 dictum
1330 1755 1385 1784 est
1402 1747 1433 1795 ⁹¹⁸,

373 1799 431 1835 ius
460 1800 541 1838 sive
569 1801 708 1837 iustum
737 1802 907 1838 naturale
927 1808 983 1837 est
1011 1800 1116 1848 quod
1142 1812 1187 1836 ex
1216 1800 1272 1836 sui
1301 1808 1435 1838 natura

374 1860 429 1889 est
457 1853 712 1903 adaequatum
740 1855 802 1891 vel
824 1860 1177 1891 commensuratum
1202 1853 1317 1890 alteri.
1350 1854 1435 1890 Hoc

373 1913 500 1943 autem
529 1915 653 1955 potest
687 1908 905 1955 contingere
940 1906 1145 1955 dupliciter.
1175 1906 1262 1943 Uno
1293 1907 1432 1954 modo,

373 1959 584 1996 secundum
615 1961 828 1997 absolutam
857 1960 914 1998 sui
943 1959 1310 1997 considerationem:
1340 1960 1436 1997 sicut

370 2013 562 2050 masculus
583 2025 628 2050 ex
648 2013 706 2050 sui
724 2014 869 2050 ratione
889 2013 1004 2050 habet
1019 2012 1432 2050 commensurationem

372 2066 421 2102 ad
448 2066 630 2103 feminam
660 2075 701 2103 ut
730 2080 774 2103 ex
804 2079 848 2103 ea
876 2073 1053 2115 generet,
1083 2074 1118 2102 et
1146 2078 1284 2114 parens
1314 2067 1361 2104 ad
1390 2067 1433 2104 fi-

370 2118 462 2154 lium
497 2127 538 2156 ut
575 2131 663 2156 eum
698 2120 845 2156 nutriat.
875 2140 899 2147 —
927 2119 1013 2156 Alio
1053 2118 1172 2155 modo
1209 2118 1351 2166 aliquid
1381 2127 1436 2156 est

370 2172 588 2209 naturaliter
607 2173 712 2210 alteri
742 2179 1094 2210 commensuratum
1113 2184 1192 2209 non
1220 2173 1432 2210 secundum

371 2225 585 2262 absolutam
624 2226 681 2262 sui
718 2226 922 2272 rationem,
954 2225 1022 2262 sed
1050 2225 1263 2262 secundum
1292 2225 1433 2273 aliquid

371 2278 476 2326 quod
497 2290 541 2315 ex
569 2279 652 2327 ipso
674 2280 918 2328 consequitur
937 2277 970 2315 βε
999 2286 1091 2327 puta
1115 2278 1326 2327 proprietas
1346 2290 1433 2326 pos-

370 2331 597 2368 sessionum.
628 2331 667 2368 Si
697 2332 798 2369 enim
827 2332 1083 2369 consideretur
1107 2331 1174 2368 iste
1205 2344 1294 2379 ager
1322 2331 1432 2368 abso—

368 2384 456 2431 lute,
478 2397 557 2422 non
577 2385 692 2422 habet
711 2386 812 2423 unde
832 2385 951 2433 magis
971 2385 1016 2422 sit
1043 2384 1156 2421 huius
1177 2396 1294 2432 quarn
1314 2384 1429 2422 illius:

422 2514 449 2546 α.)
467 2514 607 2538 servitutes
618 2514 764 2546 pertinent.
778 2527 797 2533 -
810 2515 950 2539 servitutes
963 2515 1083 2547 gentium
1098 2515 1238 2546 pertinent
1255 2515 1354 2540 omisso
1372 2523 1432 2539 mox

368 2549 488 2583 gentium
507 2550 540 2581 H,
559 2557 650 2574 servus
666 2549 783 2582 pertinet
803 2550 834 2574 G.

422 2583 447 2617 β)
467 2585 645 2616 consequitur.
658 2598 677 2603 -
694 2585 815 2617 sequitur
831 2586 877 2610 Ρα.

421 2621 447 2653 γ)
467 2623 604 2652 quantum.
618 2634 636 2639 —
651 2627 703 2652 per
722 2623 868 2652 respectum
888 2621 915 2650 P,
934 2628 987 2645 orn.
1008 2620 1084 2645 ceteri
1104 2625 1129 2645 et
1146 2628 1172 2645 a.

422 2655 446 2688 δ)
467 2656 581 2688 quidem.
593 2669 612 2674 -
630 2656 699 2681 idem
719 2657 764 2680 Pa.

1491 633 1558 670 sed
1579 634 1608 670 si
1637 634 1894 671 consideretur
1913 643 2097 683 quantum
2118 640 2133 663 Υ
2162 637 2208 673 ad
2230 636 2551 685 opportunitatem

1492 686 1642 723 colendi
1680 694 1715 723 et
1742 689 1789 724 ad
1825 687 2029 736 pacificum
2064 701 2178 725 usum
2216 689 2314 736 agri,
2340 690 2551 726 secundum

1490 741 1565 777 hoc
1593 739 1708 776 habet
1731 740 1924 787 quandam
1958 742 2371 783 commensurationem
2400 742 2449 779 ad
2476 743 2551 779 hoc

1491 793 1598 842 quod
1626 792 1671 828 sit
1693 793 1804 829 unius
1833 801 1869 829 et
1888 805 1966 829 non
1995 794 2157 841 alterius,
2178 803 2219 831 ut
2245 803 2348 843 patet
2367 807 2436 844 per
2463 795 2549 831 Phi-

1491 847 1708 894 losophum,
1735 845 1770 881 in
1801 846 1831 881 ΙΙ
1861 845 1968 882 Polit.
1988 845 2009 867 ’¹‘

1544 899 1728 936 Absolute
1752 906 1880 935 autem
1909 898 2195 947 apprehendere
2224 899 2366 948 aliquid
2384 912 2464 937 non
2492 913 2553 937 so-

1492 953 1572 989 lum
1594 951 1771 988 convenit
1799 950 1956 997 homini,
1978 951 2046 988 sed
2076 951 2188 988 etiam
2212 952 2291 989 aliis
2311 952 2550 991 animalibus.

1492 1006 1541 1042 Et
1569 1005 1655 1042 ideo
1675 1004 1732 1041 ius
1755 1004 1860 1052 quod
1886 1003 2018 1041 dicitur
2046 1005 2216 1041 naturale
2240 1005 2451 1043 secundum
2478 1005 2553 1055 pri·

1492 1070 1600 1095 mum
1619 1058 1794 1104 modum,
1815 1070 2022 1094 commune
2043 1064 2099 1094 est
2117 1057 2228 1094 nobis
2249 1064 2284 1094 et
2303 1057 2383 1094 aliis
2411 1058 2553 1096 anima·-

1491 1111 1600 1147 libus.
1630 1111 1667 1147 A
1695 1111 1777 1147 iure
1794 1116 1919 1147 autem
1939 1110 2107 1148 naturali
2136 1110 2189 1147 sic
2218 1109 2317 1147 dicto
2343 1111 2480 1148 recedit
2496 1112 2554 1148 ius

1490 1164 1671 1213 gentium,
1690 1159 1732 1200 ut
1752 1161 2038 1200 Iurisconsultus
2054 1163 2142 1200 dicit
2154 1163 2194 1200 *ε
2216 1163 2305 1211 quia
2323 1163 2417 1200 illud
2433 1164 2553 1201 omni-

1491 1218 1560 1253 bus
1578 1216 1816 1262 animalibus,
1831 1218 1902 1253 hoc
1918 1217 2040 1254 solum
2054 1217 2266 1253 hominibus
2281 1218 2377 1253 inter
2394 1228 2434 1254 se
2453 1229 2554 1254 com-

1491 1282 1605 1306 mune
1619 1275 1682 1306 est.
1707 1269 1957 1306 Considerare
1981 1277 2109 1306 autern
2130 1269 2271 1318 aliquid
2292 1271 2552 1318 comparando

1492 1323 1540 1359 ad
1561 1322 1598 1359 id
1628 1323 1732 1370 quod
1753 1334 1797 1358 ex
1825 1321 1908 1370 ipso
1929 1323 2118 1370 sequitur,
2149 1330 2204 1359 est
2222 1322 2420 1372 propriu'm
2442 1322 2553 1360 ratio-

1492 1375 1561 1412 nis.
1587 1375 1635 1410 Et
1654 1374 1741 1411 ideo
1762 1375 1836 1411 hoc
1855 1374 2011 1423 quidem
2030 1373 2043 1396 δ
2067 1382 2122 1411 est
2140 1376 2308 1412 naturale
2328 1375 2474 1412 homini
2496 1388 2553 1412 se-

1492 1429 1660 1465 cundum
1683 1427 1868 1464 rationem
1889 1428 2112 1474 naturalem,
2133 1440 2232 1476 quae
2251 1429 2327 1464 hoc
2352 1428 2477 1476 dictat.
2504 1429 2553 1466 Et

1491 1481 1577 1518 ideo
1604 1480 1691 1517 dicit
1717 1480 1834 1518 Gaius
1862 1480 2147 1518 iurisconsultus
2165 1479 2203 1517 *z
2235 1481 2344 1523 Quod
2369 1481 2552 1527 naturalis

1491 1535 1586 1571 ratio
1625 1535 1720 1571 inter
1756 1546 1884 1571 omnes
1915 1534 2083 1571 homines
2121 1534 2324 1580 constituit,
2354 1533 2394 1570 id
2413 1538 2425 1555 ⁸
2453 1535 2556 1583 apud

1491 1599 1619 1624 omnes
1641 1592 1771 1636 gentes
1798 1587 2013 1633 custoditur,
2033 1593 2264 1635 vocaturque
2291 1587 2347 1624 ius
2369 1587 2551 1640 gentium.

1544 1641 1593 1677 Et
1619 1653 1687 1689 per
1715 1640 1789 1676 hoc
1817 1648 1920 1689 patet
1947 1639 2144 1690 responsio
2175 1640 2223 1677 ad
2249 1640 2432 1688 primum.

1543 1696 1601 1730 AD
1630 1705 1820 1730 SECUNDUM
1857 1706 2042 1731 111011ΝοοΜ
2080 1693 2186 1742 quod
2213 1694 2315 1730 hunc
2353 1692 2552 1732 hominem

1491 1759 1574 1783 esse
1594 1758 1761 1792 servum,
1783 1747 1955 1783 absolute
1976 1746 2266 1793 considerando,
2287 1745 2406 1794 magis
2435 1758 2553 1794 quam

1490 1799 1617 1847 aliurn,
1638 1812 1716 1836 non
1735 1800 1850 1836 habet
1870 1799 2055 1837 rationem
2075 1800 2306 1836 naturalem:
2336 1799 2404 1837 sed
2427 1799 2552 1837 solum

1490 1853 1702 1890 secundum
1731 1852 1895 1902 aliquam
1925 1852 2121 1890 utilitatem
2151 1853 2468 1900 consequentem,
2498 1852 2552 1891 in-

1489 1914 1674 1954 quantum
1708 1905 1796 1942 utile
1826 1914 1881 1943 est
1907 1905 1996 1942 huic
2029 1905 2134 1955 quod
2171 1913 2321 1953 regatur
2339 1918 2376 1943 Xa
2404 1905 2552 1955 sapien-

1489 1959 1586 2006 tiori,
1608 1967 1642 1995 et
1670 1958 1719 1995 illi
1750 1959 1853 2008 quod
1883 1958 1962 1996 ab<
1990 1959 2065 1996 hoc
2093 1958 2255 2006 iuvetur,
2282 1966 2323 1995 ut
2353 1958 2486 1995 dicitur
2513 1955 2551 2000 i‘n

1490 2014 1503 2048 I
1532 2012 1639 2049 Polit.
1660 2011 1680 2034 ’¹‘
1707 2012 1756 2048 Et
1784 2012 1871 2049 ideo
1900 2012 2061 2049 servitus
2086 2011 2279 2060 pertinens
2308 2011 2357 2048 ad
2379 2012 2436 2048 ius
2462 2015 2553 2060 gen-

1489 2066 1584 2103 tium
1605 2073 1660 2102 est
1679 2065 1857 2102 naturalis
1873 2066 2042 2103 secundo
2060 2066 2191 2112 modo,
2208 2065 2274 2102 sed
2290 2077 2370 2102 non
2385 2063 2510 2113 primo
2519 2069 2552 2102 η.

1542 2121 1600 2155 AD
1629 2130 1788 2156 TERTxtJM
1816 2130 2001 2156 DICENDUM
2030 2118 2136 2167 quod
2156 2118 2243 2166 quia
2272 2130 2317 2154 ea
2345 2130 2445 2167 quae
2465 2125 2552 2161 sunt
2602 2154 2604 2156 ,
2628 2156 2631 2160 ,

1489 2171 1578 2210 iuris
1607 2172 1776 2219 gentium
1805 2171 1983 2209 naturalis
2003 2171 2097 2208 ratio
2127 2171 2252 2218 dictat,
2272 2178 2364 2220 puta
2392 2182 2438 2208 ex
2465 2171 2553 2220 prq-
2608 2180 2611 2193 ³
2658 2190 2662 2194 ·

1488 2225 1632 2273 pinquo
1660 2225 1840 2263 habentia
1864 2225 2113 2273 aequitatem3
2140 2224 2228 2261 inde
2257 2231 2314 2261 est
2341 2224 2446 2273 quod
2474 2226 2553 2263 non
2596 2260 2598 2275 :
2626 2277 2644 2279 .‚

1487 2277 1655 2326 indigent
1683 2277 1808 2327 aliqua
1836 2278 1989 2327 speciali
2017 2277 2262 2324 institutione,
2283 2276 2351 2314 sed
2374 2277 2458 2326 ipsa
2484 2289 2552 2322 na-

1486 2331 1612 2368 turalis
1642 2331 1736 2368 ratio
1758 2343 1802 2367 ea
1822 2329 1835 2352 θ
1864 2330 2030 2378 instituit,
2051 2338 2092 2367 ut
2116 2329 2259 2368 dictum
2281 2338 2336 2368 est
2363 2329 2402 2367 in
2423 2334 2552 2389 auctpj-

1486 2384 1592 2422 ritate
1620 2384 1773 2422 inducta
1791 2384 1823 2420 ²¹⁵.

1540 2514 1562 2548 ε)
1582 2515 1618 2540 id.
1632 2528 1651 2534 -
1669 2515 1699 2540 id
1722 2515 1793 2547 quod
1816 2515 1913 2545 ΡΗεΚς
1939 2522 1986 2548 pro
2010 2515 2206 2541 custoditur...
2223 2515 2357 2548 gentium,
2383 2515 2552 2544 custodiam·

1487 2550 1527 2575 ed.
1539 2557 1572 2618 ὅ.
1584 2585 1626 2610 ab.
1638 2599 1656 2604 -
1674 2586 1711 2610 ad
1729 2585 1871 2617 PEGHIpx
1890 2591 1915 2610 et
1933 2593 1958 2614 a,
1973 2593 2025 2610 orn.
2049 2586 2097 2618 pC.

1540 2622 1567 2653 η)
1582 2621 1684 2653 primo.
1696 2635 1716 2640 -
1733 2622 1812 2646 modo
1831 2622 1930 2646 addunt
1947 2621 2013 2646 PHI.

1540 2654 1564 2688 Θ)
1584 2664 1623 2681 εα.
1635 2670 1654 2676 -
1671 2664 1730 2681 eam
1749 2656 2026 2689 PABEFGHleCKx
2046 2661 2071 2680 et
2089 2664 2114 2686 a,
2135 2661 2194 2681 ante
2213 2656 2271 2688 ipsa
2290 2656 2363 2690 ponit
2381 2656 2413 2681 D.

1150 2784 1467 2826 ARTICULUS
1497 2785 1771 2835 QUARTUS

618 2876 773 2907 UTRUM
797 2877 971 2907 DEBEAT
995 2876 1276 2909 SPECIALITER
1298 2878 1515 2909 msriNGui
1539 2878 1606 2909 ms
1629 2878 1869 2909 PATERNUM
1895 2878 1953 2909 ET
1977 2878 2290 2910 DOMiNA‘rrvUM

560 2955 635 2987 Infra,
655 2964 700 2988 qu.
718 2963 788 2986 tvm,
808 2961 855 2980 art.
874 2963 898 2988 7,
919 2956 950 2980 ad
971 2955 1001 2987 3;
1021 2956 1041 2980 ll
1061 2955 1145 2987 Sent„
1166 2956 1226 2982 dist.
1243 2963 1308 2987 κων,
1329 2964 1372 2989 qu.
1392 2963 1419 2986 11,
1438 2961 1485 2982 art.
1508 2964 1533 2986 1;
1553 2956 1591 2986 ΙΙΙ,
1612 2956 1670 2982 dist.
1690 2964 1724 2987 1x,
1743 2964 1789 2989 qu.
1808 2964 1826 2988 1,
1846 2962 1893 2982 art.
1919 2965 1943 2987 1,
1963 2957 2011 2990 qu·
2033 2964 2063 2989 4;
2082 2958 2106 2982 V
2126 2957 2221 2988 ahie„
2241 2958 2308 2993 lect.)
2319 2965 2354 2983 xl.

405 3045 461 3077 αἱ,
516 3051 530 3079 3
580 3037 602 3062 D
624 3037 795 3067 QUARTUM
816 3038 868 3063 SIC
888 3038 1126 3064 PROCEDITUR.
1143 3027 1302 3064 Videtur
1321 3027 1425 3077 quod

495 3079 555 3127 ‘3⁸2
579 3090 658 3115 non
689 3079 825 3116 debeat
844 3079 1053 3127 specialiter
1082 3079 1258 3128 distingui
1277 3080 1335 3117 ius
1361 3092 1428 3128 pa-

580 3139 730 3168 ternum
761 3139 796 3168 et
831 3132 1122 3169 dominativum.
1159 3133 1221 3170 Ad
1249 3132 1428 3169 iustitiam

367 3249 477 3273 suum
506 3242 578 3280 est‚·
605 3245 647 3274 ut
676 3237 761 3274 dicit
789 3238 1027 3284 Ambrosius,
1057 3238 1138 3274 inni
1159 3239 1204 3274 de
1236 3238 1378 3286 Officiis
1396 3238 1426 3274 ³¹².

370 3290 446 3326 Sed
475 3289 532 3326 ius
554 3297 608 3326 est
637 3290 829 3327 obiectum
850 3290 1021 3339 iustitiae,
1043 3291 1138 3327 sicut
1158 3290 1300 3328 dictum
1322 3298 1377 3327 est
1395 3290 1427 3328 *.

369 3344 470 3390 Ergo
499 3342 557 3379 ius
586 3343 635 3380 ad
667 3341 986 3392 unumquemque
1021 3343 1227 3393 aequaliter
1253 3343 1426 3392 pertinet.

369 3396 418 3432 Et
447 3396 498 3432 sic
527 3407 605 3432 non
634 3396 747 3433 debet
780 3396 954 3446 distingui
990 3396 1200 3446 specialiter
1227 3396 1284 3434 ius
1312 3397 1428 3446 patris

370 3456 406 3485 et
434 3447 591 3485 domini.

423 3513 458 3538 2.
480 3502 713 3548 PRAETEREA,
730 3502 822 3540 ratio
843 3502 926 3539 iusti
943 3511 998 3540 est
1016 3503 1086 3550 lex,
1103 3511 1144 3540 ut
1164 3502 1306 3540 dictum
1327 3511 1382 3540 est
1395 3502 1425 3539 ³³.

371 3555 448 3590 Sed
476 3555 533 3591 lex
563 3555 712 3603 respicit
731 3568 937 3592 commune
966 3557 1113 3593 bonum
1133 3555 1292 3593 civitatis
1317 3564 1352 3593 et
1371 3568 1427 3593 re-

1480 3027 1554 3075 gni,
1575 3035 1616 3064 ut
1643 3039 1758 3077 supra
1777 3027 1797 3049 *
1824 3028 1998 3066 habitum
2029 3035 2106 3065 est:
2136 3040 2216 3066 non
2241 3035 2371 3078 autern
2399 3016 2551 3086 respic&

1481 3081 1628 3117 bonum
1648 3081 1841 3130 privatum
1859 3081 1972 3118 unius
1990 3093 2192 3130 personae,
2214 3089 2279 3118 aut
2302 3081 2416 3119 etiam
2436 3078 2548 3119 uniiis

1481 3133 1658 3170 familiae.
1689 3134 1781 3170 Non
1819 3146 1908 3182 ergo
1945 3134 2060 3171 debet
2088 3146 2171 3171 esse
2200 3133 2354 3183 aliquod
2383 3134 2547 3185 speciale

1481 3186 1538 3222 ius
1566 3187 1628 3222 vel
1657 3186 1798 3223 iustum
1819 3186 2102 3224 dominativum
2121 3187 2184 3224 vel
2203 3194 2442 3236 paternumaeat
2456 3194 2546 3227 mm

1483 3238 1663 3276 dominus
1693 3247 1728 3275 et
1746 3246 1854 3288 pater
1880 3240 2096 3288 pertineant
2116 3240 2166 3277 ad
2194 3241 2367 3288 domurn,
2387 3247 2430 3278 ut
2457 3239 2548 3278 dici-

1481 3298 1542 3328 tur
1570 3291 1608 3328 in
1637 3293 1651 3327 I
1672 3291 1779 3329 Polit.
1801 3294 1820 3311 ⁴*

1537 3345 1572 3381 3.
1602 3345 1843 3392 PRAETEREA,
1871 3346 2013 3382 multae
2052 3345 2147 3383 aliae
2186 3353 2274 3383 sunt
2310 3345 2546 3385 differentiae

1481 3397 1670 3446 graduum
1699 3397 1737 3436 in
1773 3398 2013 3435 hominibus:
2041 3405 2084 3436 ut
2119 3406 2215 3448 puta?
2246 3398 2350 3448 quod
2389 3398 2545 3448 quidam

1482 3458 1568 3488 sunt
1596 3450 1743 3498 milites,
1765 3451 1921 3500 quidam
1949 3451 2188 3496 sacerdotes,
2212 3450 2378 3501 *quidam
2409 3450 2544 3502 princi-

1481 3515 1561 3552 pes.
1592 3504 1693 3552 Ergo
1723 3504 1772 3541 ad
1800 3517 1867 3542 eos
1892 3505 2005 3543 debet
2032 3504 2187 3553 aliquod
2214 3504 2377 3553 speciale
2407 3504 2546 3543 iustum

1481 3556 1734 3594 determinari.

2676 652 2692 678 Υ

2579 845 2589 853 ⁸
2597 843 2653 871 Cap.
2664 849 2689 864 11.
2697 853 2706 858 —
2714 843 2738 864 S.
2745 843 2789 865 Th.

2578 871 2629 891 lect.
2645 875 2676 896 tv,
2691 876 2712 891 v.

2580 1170 2591 1181 ⁸
2598 1170 2650 1198 οῖς.
2658 1170 2704 1192 loc.
2712 1170 2751 1192 cir.

2677 1380 2691 1406 δ

2579 1490 2590 1501 ⁸
2603 1489 2671 1517 lbid..
2686 1495 2708 1517 9.

2679 1545 2692 1564 Ι

2677 1965 2692 1994 ζ

2580 2019 2658 2066 §.⁹32
2667 2023 2726 2067 ἰέὲέῑ
2737 2023 2774 2066 ’,ἱῖ
2782 2028 2793 2032 ·

2677 2081 2693 2104 η

2677 2333 2691 2360 θ

2580 2389 2590 2399 ·
2603 2387 2628 2410 ln
2642 2387 2687 2410 flue
2701 2393 2767 2414 corp.

2577 3044 2587 3055 ³
2600 3044 2624 3066 1⁸
2633 3043 2687 3070 ΠΜ,
2701 3050 2740 3072 qu.
2751 3049 2791 3067 xc.

2576 3073 2654 3093 art-2.

2574 3299 2585 3311 ι

2573 3325 2654 3349 S..

2650 3315 2656 3322 ι
2674 3305 2700 3324 Π,
2714 3306 2738 3322 n·
2754 3306 2790 3322 1.-

2669 3326 2721 3348 loct.
2737 3331 2760 3348 n.
