2860 4244
1027 213 1294 260 QUAESTlO
1325 216 1410 264 C11,
1439 216 1736 255 ARTICULUS
1766 219 1814 254 III

292 291 392 328 nitur
418 290 579 328 iustitiae
606 303 707 340 pars.
738 293 814 330 Sed
843 292 987 329 cultum
1009 299 1044 329 et
1062 293 1251 330 honorem
1281 307 1359 331 non

293 344 481 381 debemus
514 345 697 382 omnibus
734 345 772 382 in
811 345 989 393 dignitate
1024 346 1251 394 constitutis,
1291 348 1359 385 sed

292 397 419 434 solum
447 396 507 434 his
544 397 609 446 qui
644 410 759 447 super
786 410 858 435 nos
892 398 1167 447 praelationem
1203 401 1357 438 habent.

291 450 396 497 Ergo
424 449 739 488 inconvenienter
766 451 1039 488 determinatur
1076 453 1182 500 quod
1210 453 1263 490 eis
1291 454 1359 490 ob-

292 503 483 540 servantia
512 503 663 540 exhibet
691 504 835 540 cultum
865 511 902 540 et
928 504 1130 542 honorem.

347 557 382 593 3.
403 557 639 604 Pmmnsx,
668 556 928 605 superioribus
956 557 1094 594 nostris
1122 558 1160 594 in
1181 558 1358 606 dignitate

292 609 502 646 constitutis
539 621 617 646 non
656 610 782 646 solum
821 609 1009 647 debemus
1047 611 1256 658 honorem,
1290 612 1357 649 sed

291 661 407 699 etiam
427 661 619 708 timorem,
636 669 674 703 et
688 662 856 710 aliquam
875 674 1079 700 munerum
1099 664 1356 712 largitionem:

291 715 504 752 secundum
534 714 626 751 illud
653 715 706 752 ad
730 716 843 752 Rom.
864 715 980 752 x111*:
1009 717 1167 754 Reddite
1185 717 1358 754 omnibus

290 767 431 804 debita:
459 773 495 804 et
511 765 526 789 ⁸
553 768 617 804 cui
641 768 834 815 tributum,
863 769 1064 813 tributum
1092 771 1156 807 cui
1175 770 1355 820 vectigal,

288 820 452 870 vectigal
459 833 473 865 ;
505 820 569 857 cui
601 821 794 868 timorem,
823 822 1018 868 timorem;
1055 823 1117 859 cui
1152 824 1356 868 honorem,

288 873 483 910 honorem.
512 873 712 911 Debemus
732 874 846 912 etiam
866 875 920 912 eis
939 876 1193 913 reverentiam
1213 883 1251 912 et
1268 876 1356 912 sub-

289 925 511 963 iectionem:
544 928 758 965 secundum
794 928 887 965 illud
922 929 1023 966 Heb.
1051 941 1112 966 xm
1131 928 1172 966 *ε
1206 928 1358 966 obedite

282 980 508 1028 praepositis
526 980 669 1026 vestrae,
689 986 726 1018 et
740 981 929 1018 subiacete
947 982 1010 1018 eis.
1041 982 1133 1018 Non
1153 993 1244 1029 ergo
1267 993 1357 1017 con-

287 1032 487 1070 venienter
506 1033 779 1071 determinatur
798 1034 904 1083 quod
933 1034 1177 1072 observantia
1206 1034 1358 1071 exhibet

68 1131 77 1137 ἱ
290 1086 434 1123 'cultum
463 1093 500 1123 et
526 1086 731 1131 honorem.

82 1136 262 1195 μιῆς
342 1139 419 1176 San
456 1150 603 1176 coum
638 1151 707 1176 EST
741 1139 848 1187 quod
885 1139 1035 1176 Tullius
1073 1139 1162 1177 dicit
1179 1139 1220 1187 *,
1250 1140 1356 1188 quod

288 1192 526 1230 observantia
544 1198 600 1229 est
609 1204 684 1240 per
702 1203 817 1240 quam
836 1192 1005 1230 homines
1029 1193 1157 1242 aliqua
1176 1193 1358 1243 dignitate

287 1245 546 1286 antecedentes
575 1245 740 1294 quodam
769 1245 870 1282 cultu
898 1251 935 1282 et
959 1246 1105 1283 honore
1135 1247 1354 1296 dignantur.

312 1298 570 1336 Rsssronnno
598 1310 785 1336 nrcssnntm
808 1299 915 1358 quod
943 1300 992 1336 ad
1021 1311 1088 1336 eos
1117 1300 1182 1348 qui
1203 1307 1292 1336 sunt
1318 1299 1356 1336 in

287 1321 468 1399 dignitate
505 1351 696 1389 constituti
733 1352 896 1401 pertinet
927 1353 1141 1400 gubernare
1169 1352 1354 1390 subditos.

286 1403 514 1442 Gubernare
542 1412 673 1442 autem
693 1412 749 1442 est
767 1417 928 1442 movere
948 1406 1096 1454 aliquos
1123 1406 1162 1442 in
1183 1406 1356 1443 debitum

285 1457 428 1495 finem:
466 1458 562 1495 sicut
597 1465 712 1495 nauta
748 1459 936 1506 gubernat
963 1470 1106 1495 navem
1129 1463 1142 1480 ⁸
1177 1459 1356 1496 ducendo

286 1520 374 1555 eam
411 1511 460 1549 ad
495 1518 663 1561 portum.
703 1511 834 1548 Omne
872 1519 1001 1548 autem
1040 1523 1205 1548 movens
1240 1513 1358 1549 habet

286 1563 547 1602 excellentiam
567 1564 763 1613 quandam
793 1572 829 1601 et
846 1564 1028 1602 virtutem
1057 1577 1173 1613 supra
1191 1564 1230 1601 id
1250 1565 1357 1614 quod

285 1624 479 1655 movetur.
517 1617 628 1655 Unde
657 1625 809 1666 oportet
841 1618 948 1666 quod
976 1617 1015 1654 in
1044 1630 1091 1654 eo
1121 1618 1187 1666 qui
1224 1626 1281 1655 est
1318 1617 1357 1655 in

285 1668 466 1718 dignitate
502 1670 744 1718 constitutus,
772 1670 899 1719 primo
936 1670 1198 1708 consideretur
1235 1672 1356 1708 excel-

284 1722 399 1760 lentia
426 1730 557 1771 stams,
578 1736 667 1761 curn
696 1723 864 1772 quadam
891 1731 1079 1773 potestate
1099 1724 1138 1761 in
1166 1724 1355 1770 subditos;

336 1835 363 1869 ὃ)
381 1840 416 1863 et.
433 1851 453 1857 -
471 1837 533 1863 Om.
552 1838 640 1864 PDIL.

336 1878 359 1912 ι)
379 1885 482 1904 navem.
500 1893 519 1898 -
537 1879 627 1905 navim
645 1879 768 1905 ABEFK.

313 2099 443 2137 ationis,
467 2100 500 2131 in
530 2101 738 2141 responsione
769 2102 809 2133 ad
837 2101 995 2142 primum,
1020 2109 1096 2133 nota
1124 2103 1212 2143 quod
1243 2103 1349 2133 cultus

281 2154 400 2176 nomen
426 2145 572 2176 absolute
594 2145 728 2177 habetur
744 2156 918 2177 commune
934 2147 973 2176 ad
989 2146 1146 2177 honorem
1164 2153 1194 2177 et
1210 2146 1350 2187 reliquos

282 2189 428 2220 decentes
451 2196 550 2225 actus,
571 2196 606 2221 ut
628 2190 662 2220 in
685 2190 787 2221 littera
810 2190 934 2222 dicitur.
965 2190 1027 2221 Sed
1050 2191 1083 2221 in
1108 2191 1273 2231 proposita
1297 2191 1350 2221 de-

245 2237 256 2244 ‘
279 2232 426 2264 finitione
449 2233 550 2264 Tullii
563 2233 591 2270 *,
616 2234 671 2264 ubi
695 2241 805 2265 contra
826 2235 979 2265 honorem
1004 2234 1220 2275 distinguitur,
1246 2235 1350 2266 cultus

281 2278 419 2309 sumitur
441 2287 500 2318 pro
519 2277 649 2319 reliquis
673 2278 856 2309 decentibus
873 2279 994 2310 actibus
1018 2286 1160 2310 tanturn:
1185 2289 1225 2310 ne
1241 2289 1350 2320 super-

280 2321 396 2358 finitas,
421 2329 476 2353 aut
498 2322 713 2363 incongruum
735 2322 857 2364 aliquid
880 2323 1067 2354 incurratur.

437 2699 473 2738 <
497 2689 520 2714 D
538 2688 699 2714 TERTmM
714 2689 767 2714 src
782 2668 1053 2715 PRoCED1TUR*.
1069 2676 1230 2715 Videtur
1249 2678 1354 2737 quod

329 2719 468 2789 (ΨΑ
498 2730 742 2767 observantia
770 2730 816 2767 sit
842 2730 970 2779 potior
987 2731 1108 2767 virtus
1128 2742 1245 2779 quam
1273 2731 1352 2779 pie-

335 2780 349 2787 ”
497 2790 566 2819 tas.
596 2782 780 2832 Princeps
809 2783 924 2830 enim,
950 2784 1011 2820 cui
1039 2785 1160 2820 cultus
1188 2796 1257 2832 per
1285 2783 1354 2820 ob-

472 2853 486 2869 >z
498 2842 730 2872 servantiam
766 2836 981 2882 exhibetur,
1020 2844 1267 2884 comparatur
1303 2837 1352 2873 ad

285 2895 446 2937 patrem,
476 2889 542 2936 qui
568 2888 707 2937 pietate
737 2888 882 2935 colitur,
913 2889 1008 2925 sicut
1034 2889 1259 2926 universalis
1286 2901 1352 2937 gu-

285 2941 467 2978 bernator
503 2941 553 2978 ad
588 2941 872 3000 particularem.
911 2953 1000 2978 nam
1037 2941 1199 2988 familia,
1234 2954 1352 2989 quarn

284 3001 393 3042 pater
411 2994 607 3041 gubernat,
630 3001 685 3031 est
703 3006 791 3042 pars
811 2994 982 3040 civitatis,
1003 3006 1102 3042 quae
1122 2995 1353 3042 gubernatur

285 3059 308 3084 a
335 3046 519 3096 principe.
554 3047 632 3084 Sed
659 3047 882 3084 universalis
909 3047 1029 3084 virtus
1056 3047 1183 3096 potior
1211 3055 1286 3094 est,
1317 3056 1354 3084 et

286 3100 408 3148 magis
437 3100 471 3137 ei
499 3100 678 3137 inferiora
705 3100 933 3137 subduntur.
972 3101 1075 3148 Ergo
1109 3101 1354 3137 observantia

287 3161 343 3190 est
369 3153 496 3201 potior
522 3153 644 3191 virtus
671 3165 789 3202 quam
818 3153 953 3212 pietas.

340 3217 375 3243 2.
397 3207 632 3254 Puni-nm,
659 3206 710 3243 illi
738 3206 802 3255 qui
831 3213 918 3243 sunt
946 3206 984 3243 in
1009 3206 1186 3254 dignitate
1216 3206 1354 3243 consti-

284 3259 354 3296 tuti
374 3272 504 3296 curam
527 3267 664 3319 gerunt
691 3259 782 3296 boni
811 3259 1038 3296 communis.
1069 3259 1354 3308 Consanguinei

284 3320 415 3350 autem
449 3303 637 3362 pertinent
665 3313 714 3349 ad
742 3313 888 3349 bonum
922 3312 1134 3361 privatum,
1164 3313 1270 3360 quod
1299 3321 1354 3350 est

284 3373 442 3414 propter
469 3366 614 3403 bonum
640 3378 847 3402 commune
876 3367 1220 3403 contemnendum:
1250 3366 1353 3403 unde

285 3418 523 3456 laudabiliter
559 3419 674 3468 aliqui
715 3418 861 3468 seipsos
898 3430 968 3467 pro
1006 3419 1111 3455 bono
1155 3418 1352 3455 communi

341 3533 368 3566 α)
387 3534 544 3560 coniunctis.
563 3548 580 3553 -
599 3534 696 3560 iunctis
715 3534 744 3558 P.

286 2065 334 2129 In
364 2056 498 2087 articulo
526 2057 667 2087 secundo
698 2057 842 2088 eiusdem
873 2057 1221 2088 centesimaesecundae
1251 2068 1348 2098 quae·
1375 2063 1377 2094 ζ

2400 220 2471 267 375

1414 296 1594 343 secundo,
1625 296 1750 345 ipsum
1779 297 2062 344 gubernationis
2090 298 2273 334 officium.
2312 297 2474 335 Ratione

1412 348 1522 396 igitur
1555 349 1813 396 excellentiae,
1843 350 2003 387 debetur
2035 350 2089 387 eis
2108 349 2121 376 ζ
2148 352 2284 396 honor,
2319 351 2384 399 qui
2421 359 2474 387 est
2598 355 2613 384 ζ

1413 402 1601 450 quaedam
1621 402 1828 450 recognitio
1850 403 2089 440 excellentiae
2116 404 2282 440 alicuius.
2313 404 2474 441 Ratione

1412 462 1540 491 autem
1574 455 1690 491 officii
1725 455 2027 503 gubernationis,
2059 457 2218 494 debetur
2251 456 2305 493 eis
2332 457 2474 503 cultus,

1412 507 1476 555 qui
1505 507 1542 543 in
1572 508 1743 555 quodam
1777 509 1961 557 obsequio
1996 509 2178 552 consistit,
2210 511 2303 547 dum
2337 509 2475 547 scilicet

1411 560 1546 607 aliquis
1566 571 1700 597 eorum
1721 561 1852 599 obedit
1877 562 2050 610 imperio,
2073 570 2109 599 et
2126 563 2252 600 vicem
2280 563 2474 600 beneficiis

1412 624 1547 649 eorum
1575 625 1645 661 pro
1675 625 1747 650 suo
1774 615 1893 651 modo
1923 615 2105 664 rependit.

1464 666 1525 702 An
1553 676 1691 702 prunum
1720 678 1818 704 ERGO
1846 679 2031 705 DICENDUM
2064 668 2170 716 quod
2198 668 2237 705 in
2265 669 2367 705 cultu
2395 680 2473 705 non

1411 718 1536 754 solum
1565 717 1779 766 intelligitur
1806 721 1942 767 honor,
1971 721 2038 758 sed
2068 722 2181 758 etiam
2205 733 2472 770 quaecumque

1411 769 1484 807 alia
1503 775 1522 796 η
1549 771 1737 818 pertinent
1765 773 1814 809 ad
1843 773 2022 811 decentes
2050 782 2155 811 actus
2183 774 2321 823 quibus
2353 772 2472 811 homo
2597 783 2613 807 η

1411 823 1461 860 ad
1490 823 1606 860 alium
1637 824 1842 862 ordinatur.

1464 877 1523 912 An
1550 888 1740 914 SECUNDUM
1765 889 1948 915 morannum
1973 879 2089 927 quod,
2116 879 2211 916 sicut
2238 892 2352 929 supra
2370 879 2391 901 ’¹‘
2419 880 2472 917 di·
2499 882 2574 910 ‘Qu-

1411 936 1515 965 ctum
1545 936 1613 976 est,
1635 929 1774 978 duplex
1794 938 1848 967 est
1869 931 2051 969 debitum.
2080 932 2209 969 Unum
2238 932 2393 981 quidem
2422 933 2472 969 le-

1410 983 1505 1029 gale,
1527 981 1576 1018 ad
1595 983 1702 1030 quod
1721 982 1960 1020 reddendum
1971 985 2099 1024 ,homo
2119 985 2201 1033 lege
2222 986 2471 1034 compellitur.

1411 1035 1461 1071 Et
1488 1034 1542 1071 sic
1570 1035 1684 1072 debet
1711 1036 1831 1072 homo
1868 1037 2057 1073 honorem
2086 1045 2122 1074 et
2151 1038 2292 1074 cultum
2321 1038 2379 1075 his
2407 1039 2472 1088 qui

1411 1095 1498 1124 sunt
1534 1087 1574 1124 in
1609 1087 1784 1136 dignitate
1826 1089 2015 1126 constituti
2050 1091 2322 1137 praelationem
2359 1103 2473 1139 super

1410 1140 1536 1190 ipsum
1556 1141 1753 1178 habentes.
1784 1162 1808 1169 -
1835 1142 1950 1179 Aliud
1969 1150 2096 1179 autem
2118 1151 2172 1179 est
2192 1144 2361 1181 debiturn
2389 1156 2472 1181 mo-

1411 1194 1499 1240 rale,
1521 1194 1627 1242 quod
1647 1206 1693 1230 ex
1713 1194 1880 1242 quadam
1909 1196 2106 1232 honestate
2132 1196 2302 1232 debetur.
2332 1197 2381 1233 Et
2399 1197 2473 1233 hoc

1410 1247 1530 1284 modo
1547 1247 1736 1284 debemus
1750 1248 1894 1284 cultum
1915 1256 1951 1285 et
1969 1249 2159 1286 honorem
2178 1248 2236 1286 his
2250 1249 2316 1298 qui
2335 1250 2473 1286 suntin

1412 1299 1591 1348 dignitate
1606 1300 1808 1347 constituti,
1827 1300 1938 1338 etiarn
1955 1301 1986 1338 si
2001 1314 2079 1338 non
2095 1302 2213 1338 simus
2229 1303 2282 1339 eis
2302 1302 2471 1340 subiecti.

1463 1355 1522 1390 An
1550 1365 1710 1390 'manum
1730 1365 1915 1391 nicENDUM
1944 1355 2049 1402 quod
2070 1355 2311 1392 excellentiae
2341 1367 2472 1392 eorum

1410 1405 1475 1455 qui
1504 1414 1591 1443 sunt
1609 1406 1647 1443 in
1677 1406 1852 1454 dignitate
1873 1407 2062 1444 constituti
2082 1408 2241 1445 debetur
2268 1409 2394 1445 honor
2417 1421 2473 1445 ra-

1409 1460 1513 1496 tione
1551 1459 1781 1496 sublimioris
1815 1460 1975 1507 gradus;
2014 1460 2128 1497 timor
2162 1468 2290 1498 autem
2328 1461 2472 1498 ratione

1410 1512 1606 1560 potestatis
1634 1524 1752 1560 quam
1780 1513 1922 1550 habent
1950 1514 1998 1550 ad
2027 1514 2294 1551 coercendum.
2333 1514 2472 1551 Officio

1410 1577 1504 1602 vero
1533 1565 1816 1612 gubernationis
1845 1565 2016 1614 ipsorum
2045 1566 2205 1603 debetur
2233 1567 2471 1613 obedientia,

1410 1630 1480 1667 per
1507 1630 1623 1666 quam
1653 1618 1792 1656 subditi
1820 1627 2026 1655 moventur
2053 1620 2101 1656 ad
2129 1619 2329 1668 imperium
2365 1632 2472 1668 prae-

1411 1671 1633 1716 sidentium;
1664 1678 1700 1708 et
1726 1671 1876 1719 tributa,
1897 1684 1996 1720 quae
2016 1679 2103 1709 sunt
2121 1673 2313 1720 quaedam
2337 1672 2473 1721 stipen-

1411 1724 1472 1762 dia
1500 1724 1640 1761 laboris
1667 1724 1853 1773 ipsorum.

1461 1838 1486 1871 ζ)
1506 1839 1553 1864 eis.
1571 1853 1590 1858 —
1607 1839 1633 1864 ei
1650 1839 1731 1864 PLsK
1751 1844 1776 1864 et
1794 1846 1811 1863 a
1818 1847 1827 1869 ;
1845 1847 1906 1864 mox
1924 1839 1950 1864 ei
1968 1839 2115 1872 PHLpCsK
2134 1844 2159 1864 et
2177 1846 2203 1863 a.

1461 1881 1488 1912 η)
1508 1881 1573 1905 alia.
1590 1894 1610 1900 -
1626 1880 1682 1905 alia
1700 1887 1767 1913 quae
1787 1880 1893 1911 PHlKa,
1912 1888 1967 1906 om.
1985 1881 2018 1906 Α.

961 1968 1298 2002 Commentaria
1321 1968 1574 2001 Garamans
1596 1969 1798 2002 Caietam

1459 2058 1493 2088 In
1518 2058 1634 2088 eodem
1657 2058 1804 2095 articulo,
1830 2059 1862 2088 in
1886 2058 2093 2099 responsione
2117 2059 2156 2088 ad
2181 2059 2383 2095 secundum,
2401 2059 2472 2089 vide

1404 2102 1477 2132 hinc
1494 2103 1583 2142 quod
1599 2102 1732 2133 omissio
1746 2103 1876 2133 honoris
1889 2102 2138 2143 praesidentibus
2150 2102 2286 2143 propriis
2299 2103 2395 2133 debiti
2407 2113 2472 2133 non

1404 2147 1511 2176 solum
1529 2155 1575 2177 est
1592 2154 1769 2187 peccatum,
1785 2148 1840 2177 sed
1856 2154 1902 2177 est
1919 2147 2069 2188 punibilis
2086 2156 2141 2187 per
2161 2147 2336 2177 humanam
2359 2147 2472 2186 legem.

1405 2190 1546 2222 Omissio
1563 2198 1671 2221 autem
1695 2191 1828 2221 honoris
1844 2199 2064 2222 extraneorum
2084 2191 2332 2231 praesidentium
2348 2191 2472 2231 punibi-

1405 2235 1443 2265 lis
1460 2245 1525 2265 non
1543 2242 1598 2271 est,
1617 2245 1675 2275 pro
1693 2242 1814 2276 quanto
1832 2236 1871 2265 ad
1893 2235 1992 2275 legale
2009 2235 2152 2266 debiturn
2168 2245 2235 2265 non
2250 2242 2378 2275 spectat.
2398 2236 2473 2266 Pec-

1406 2286 1513 2310 catum
1537 2286 1642 2310 tamen
1659 2280 1854 2320 quandoque
1879 2287 1933 2316 est,
1951 2290 2010 2320 pro
2027 2287 2148 2320 quanto
2165 2280 2360 2320 quandoque
2384 2289 2473 2319 prae-

1405 2331 1452 2354 ter
1474 2333 1599 2354 morem
1623 2331 1688 2360 est,
1713 2331 1743 2355 et
1771 2334 1788 2354 a
1811 2324 1924 2354 morali
1954 2331 2121 2364 propterea
2152 2324 2259 2354 debito
2283 2323 2428 2354 declinat.

1094 2483 1414 2525 ARTICULUS
1443 2484 1673 2526 TERTIUS

743 2584 900 2615 UTRUM
928 2583 1233 2616 OBSERVANTIA
1257 2584 1324 2616 srr
1347 2585 1512 2616 POTIOR
1534 2585 1693 2616 vim-us
1717 2585 1842 2623 QUAM
1866 2585 2017 2615 PIETAS

1409 2678 1586 2727 periculis
1613 2678 1744 2714 mortis
1766 2686 1971 2726 exponunt.
2002 2679 2104 2725 Ergo
2130 2679 2385 2724 observantia,
2406 2691 2474 2726 per

1410 2743 1525 2779 quam
1556 2731 1754 2767 exhibetur
1781 2731 1902 2767 cultus
1930 2731 1988 2767 his
2021 2731 2086 2778 qui
2115 2739 2201 2767 sunt
2227 2731 2265 2767 in
2294 2731 2471 2778 dignitate

1410 2784 1610 2829 constituti,
1628 2791 1683 2820 est
1710 2783 1837 2832 potior
1863 2783 1982 2820 virtus
2002 2795 2116 2831 quam
2146 2783 2276 2832 pietas,
2294 2796 2391 2832 quae
2411 2796 2472 2820 ex-

1408 2836 1513 2872 hibet
1546 2837 1687 2872 cultum
1715 2836 1888 2884 personis
1916 2836 2098 2884 sanguine
2127 2837 2335 2873 coniunctis
2351 2842 2379 2873 α.
2595 2848 2612 2864 α

1464 2890 1498 2926 3.
1527 2890 1761 2936 PRAETEREA,
1789 2889 1915 2925 honor
1935 2897 1971 2926 et
1989 2890 2202 2926 reverentia
2220 2889 2386 2926 maxime
2407 2890 2471 2926 de-

1409 2942 1519 2990 betur
1545 2941 1742 2988 virtuosis,
1773 2949 1860 2990 post
1886 2942 2026 2979 Deum.
2058 2943 2133 2980 Sed
2163 2942 2341 2979 virtuosis
2370 2942 2471 2979 exhi-

1410 2995 1518 3031 betur
1546 2995 1671 3031 honor
1699 3002 1735 3031 et
1762 2995 1975 3032 reverentia
2002 3007 2072 3044 per
2105 2996 2368 3032 observantiae
2395 2996 2470 3032 vir-

1409 3055 1548 3094 tutem,
1584 3055 1625 3084 ut
1656 3047 1804 3084 'dictum
1845 3055 1900 3084 est
1925 3047 1956 3084 ²⁸.
1995 3049 2098 3096 Ergo
2136 3049 2378 3086 observantia
2416 3056 2471 3085 est
2498 3053 2680 3079 ’Λή-ΗΜ·

1409 3101 1614 3149 praecipua
1641 3108 1729 3149 post
1756 3100 1990 3148 religionem.

1463 3155 1538 3191 SED
1566 3165 1713 3190 CONTRA
1740 3165 1806 3190 EST
1834 3154 1938 3202 quod
1975 3162 2178 3202 praecepta
2214 3154 2305 3201 legis
2335 3154 2471 3190 dantur

1409 3207 1457 3244 de
1477 3207 1622 3244 actibus
1641 3207 1836 3244 virtutum.
1867 3207 2089 3244 immediate
2109 3215 2237 3243 autern
2257 3215 2343 3255 post
2362 3219 2469 3255 prae·

1409 3268 1518 3309 cepta
1539 3260 1740 3308 religionis,
1761 3272 1860 3308 quae
1889 3260 2077 3308 pertinent
2104 3260 2153 3296 ad
2171 3259 2335 3308 primam
2363 3260 2470 3296 tabu-

1408 3314 1484 3350 lam
1504 3313 1542 3360 *,
1572 3313 1746 3350 subditur
1773 3321 2019 3362 praeceptum
2048 3313 2094 3349 de
2123 3313 2376 3349 honoratione
2404 3325 2469 3361 pa·
2498 3349 2523 3364 ,

1409 3374 1572 3412 rentum,
1594 3367 1699 3415 quod
1727 3366 1888 3415 pertinet
1916 3366 1963 3403 ad
1988 3366 2180 3414 pietatem.
2219 3366 2320 3413 Ergo
2350 3365 2469 3414 pietas

1408 3419 1627 3456 immediate
1658 3419 1827 3467 sequitur
1856 3418 2075 3466 religionem
2105 3418 2237 3456 ordine
2270 3418 2467 3466 dignitatis.

2497 3315 2596 3338 'Exod
2607 3322 2682 3343 capx
