2860 4244
957 263 1224 309 QUAESTIO
1254 264 1339 300 CIV

262 343 335 381 Dei
353 350 486 380 contra
503 342 700 380 virtutem:
724 342 820 380 sicut
839 341 943 391 quod
959 347 976 363 ²
994 342 1184 390 praecepit
1202 343 1322 379 Abra-

261 397 336 434 hae
365 395 469 444 quod
499 395 688 434 occideret
715 395 836 433 filium
865 395 1120 442 innocentem,
1141 403 1181 431 ut
1207 396 1323 432 habe-

1348 293 1357 311 ,
1386 263 1682 300 ARTICULUS
1710 264 1745 300 V
2361 263 2434 310 389

1377 342 1460 379 dem
1488 342 1640 379 virtutes
1667 353 1756 379 suas
1774 342 1964 379 occultare
1986 343 2210 386 desiderent;
2237 348 2272 378 et
2299 347 2435 387 tamen,

1379 401 1419 431 ut
1435 394 1501 431 alii
1518 407 1650 432 eorum
1669 395 1841 443 exemplo
1858 395 2073 443 proficiant,
2087 395 2302 443 prodantur
2320 395 2435 431 inviti.

25 452 118 474 'Vffl-
133 458 154 474 ²·
262 457 324 486 tur
355 449 448 486 Gen.
476 460 548 485 xxu
570 449 601 495 ²⁸¹,
631 456 667 485 et
696 448 844 486 ludaeis
871 455 913 484 ut
930 448 1143 485 furarentur
1171 460 1230 484 res
1250 451 1324 484 Ae·
1430 450 1489 483 An
1517 459 1708 485 SECUNDUM
1736 459 1921 485 monimum
1949 449 2053 496 quod
2091 448 2186 485 sicut
2213 449 2319 485 Deus
2347 446 2437 484 nihil

25 509 116 531 ‘Vm
133 515 155 531 2·
263 501 502 551 gyptiorum,
530 508 572 538 ut
607 501 768 539 habetur
800 501 925 538 Exod.
962 512 998 537 xl
1025 499 1064 547 *,
1103 512 1200 548 quae
1238 508 1323 537 sunt
1378 507 1557 547 operatur
1585 507 1715 537 contra
1743 508 1930 548 naturam,
1952 501 2041 549 quia
2067 502 2162 538 haec
2179 498 2192 522 ⁶
2220 506 2276 537 est
2300 506 2436 537 natura

77 583 104 594 χ
264 562 395 592 contra
423 554 619 601 iustitiam
648 561 685 591 et
713 554 814 592 Osee
842 553 948 602 quod
975 552 1164 602 acciperet
1191 553 1324 590 mulie·
1379 552 1667 601 uniuscuiusque
1694 553 1751 589 rei
1776 554 1878 601 quod
1902 554 1940 590 in
1968 566 2013 591 ea
2040 555 2144 590 Deus
2172 558 2367 601 operatur,
2396 560 2436 589 ut

25 610 235 664 202532g321331¹13
263 619 346 645 rem
384 607 595 644 adulteram
621 606 660 654 *,
700 608 804 656 quod
843 614 916 643 est.
933 613 1064 643 contra
1102 605 1322 643 castitatem.
1377 605 1538 641 habetur
1557 605 1595 642 in
1624 606 1761 642 Glossa
1779 606 1799 628 *
1825 607 1937 644 Rom.
1963 619 1999 643 xi
2019 606 2072 654 **,
2102 614 2281 655 operatur
2307 614 2436 643 tamen

25 669 84 686 ”n-
100 669 116 684 Ι.

263 661 366 708 Ergo
395 672 474 698 non
501 659 540 697 in
567 659 748 696 omnibus
775 666 832 696 est
858 658 1117 696 obediendum
1146 659 1243 695 Deo.

319 714 354 750 3.
381 713 615 759 Pmrnm,
645 711 878 760 quicumque
907 711 1037 748 obedit
1055 712 1152 758 Deo,
1175 711 1323 748 consor·
1350 726 1351 733 ¹

1350 694 1351 698 ,
1378 657 1519 705 aliquid
1540 665 1671 695 contra
1699 658 1852 696 solitum
1877 671 2030 696 cursum
2051 667 2223 706 naturae3
2253 659 2303 696 ita
2323 659 2436 696 etiarn

1378 710 1483 746 Deus
1521 710 1610 746 nihil
1646 718 1771 759 potest
1805 712 2025 761 praecipere
2069 719 2200 749 contra
2235 713 2436 758 virtutem,

263 773 343 803 mat
368 765 610 802 voluntatem
629 776 739 802 suam
758 764 944 802 voluntati
965 764 1115 801 divinae
1143 764 1257 801 etiam
1286 763 1324 800 in
1350 788 1352 824 Ι
1379 762 1468 811 quia
1503 762 1541 799 in
1570 763 1644 799 hoc
1671 763 1925 813 principaliter
1963 765 2129 802 consistit
2163 765 2282 802 virtus
2316 772 2351 801 et
2380 777 2437 801 re-

0 816 6 867 l
262 818 392 855 volito.
419 817 496 855 Sed
515 829 594 854 non
613 825 798 865 quantum
820 818 869 855 ad
889 817 1018 855 omnia
1037 825 1213 854 tenemur
1235 828 1324 853 con·
1350 830 1352 858 ς
1379 815 1520 852 ctitudo
1549 815 1754 853 voluntatis
1786 818 1980 854 humanae
2018 819 2123 866 quod
2151 817 2224 854 Dei
2251 817 2437 854 voluntati

0 869 3 872 ’
262 871 429 908 formare
448 870 686 907 voluntatem
715 878 882 908 nostram
902 870 1087 907 voluntati
1117 869 1267 906 divinae
1286 868 1325 906 in
1350 868 1352 911 ξ
1379 868 1638 905 conformetur
1666 876 1702 905 et
1730 869 1809 906 eius
1838 878 2018 918 sequatur
2044 870 2269 919 imperium,
2305 882 2437 918 quam-

22 925 36 936 *
41 923 66 946 1⁸
73 923 175 951 11⁸⁰,1qm
183 929 232 951 xix,

8 982 10 987 V
24 954 66 974 m.
82 956 115 972 Ιο.

10 1012 36 1055 5⁵·
49 1028 117 1051 Vm.
130 1034 153 1057 7.

262 923 394 970 volito,
414 931 456 960 ut
474 935 590 971 supra
603 922 623 944 ²¹⁸
641 923 814 961 habitum
835 931 901 960 est.
921 924 1124 971 Ergo-non
1143 922 1182 959 in
1202 921 1324 959 omni-

263 977 334 1013 bus
362 984 511 1013 tenetur
536 977 658 1013 homo
686 977 772 1014 Deo
801 976 970 1013 obedire.

317 1029 392 1067 SED
403 1040 549 1067 coum
564 1040 630 1066 us‘r
640 1030 746 1078 quod
761 1029 896 1066 dicitur
905 1027 1168 1066 Exod.xxiv*:
1188 1027 1323 1065 Omnia

265 3239 361 3277 tibus
387 3249 456 3286 per
483 3236 622 3275 omnia.
653 3236 702 3273 Et
728 3242 862 3285 postea
882 3235 902 3255 *
930 3233 1074 3272 subdit:
1104 3233 1222 3279 Servi,
1243 3233 1327 3269 obe-

265 3292 338 3330 dite
361 3303 433 3340 per
455 3289 585 3327 omnia
611 3288 772 3327 dominis
798 3287 1025 3325 carnalibus.
1055 3286 1170 3334 Ergo,
1193 3285 1328 3324 eadem

265 3344 426 3391 ratione,
447 3343 509 3380 alii
527 3341 670 3380 subditi
688 3341 829 3379 debent
849 3340 925 3377 suis
943 3338 1119 3388 praelatis
1146 3338 1184 3375 in
1205 3338 1329 3376 omni-

265 3397 337 3434 bus
366 3396 534 3433 obedire.

321 3461 356 3487 2.
385 3450 620 3495 Pmmsnm,
649 3446 804 3496 praelati
833 3453 920 3483 sunt
948 3444 1064 3482 medii
1083 3444 1180 3481 inter
1198 3445 1326 3481 Deum

319 3581 348 3613 α)
366 3580 515 3613 accepistis.
533 3594 553 3599 —-
571 3578 714 3611 excepistis
733 3578 763 3602 Ρ.

1350 914 1435 963 {vis
1464 920 1510 957 sit
1548 929 1679 958 contra
1716 930 1941 959 consuetum
1977 923 2123 960 virtutis
2156 923 2329 960 modum.
2370 923 2436 960 Se-

1350 966 1351 1015 l
1378 973 1548 1011 cundum
1575 974 1650 1011 hoc
1679 986 1790 1022 ergo,
1819 983 2064 1023 praeceptum
2092 976 2270 1013 Abrahae
2297 977 2436 1012 factum

1350 1027 1352 1075 ξ
1378 1026 1482 1075 quod
1502 1026 1624 1063 filium
1644 1027 1887 1064 innocentem
1908 1028 2107 1075 occideret,
2124 1041 2202 1066 non
2222 1029 2290 1066 fuit
2308 1035 2438 1066 contra

122 1077 138 1112 β
261 1093 360 1131 quae
377 1079 393 1111 β
421 1082 565 1120 locutus
592 1088 647 1119 est
675 1082 864 1120 Dominus
878 1081 1093 1129 faciemus,
1123 1086 1159 1118 et
1184 1081 1325 1117 erimus
1350 1090 1351 1138 ἐ
1378 1079 1556 1116 iustitiam
1571 1079 1607 1116 *ε
1628 1079 1717 1127 quia
1731 1081 1837 1117 Deus
1857 1088 1912 1117 est
1932 1089 2063 1118 auctor
2082 1082 2214 1118 mortis
2233 1089 2270 1118 et
2283 1082 2396 1118 vitae.
2414 1102 2437 1109 -

261 1135 480 1173 obedientes.
1350 1144 1352 1162 ν
1379 1132 1558 1170 Similiter
1585 1145 1656 1170 nec
1683 1133 1751 1170 fuit
1779 1141 1910 1170 contra
1937 1133 2115 1171 iustitiam
2143 1135 2249 1183 quod
2280 1134 2437 1171 manda-

22 1181 100 1205 ’Μ’
113 1187 131 1204 ¹·
314 1189 543 1226 ΒΕεΡοΝυΕο
562 1199 747 1226 monimum
766 1186 883 1236 quod,
899 1186 995 1224 sicut
1013 1185 1161 1235 supra*
1181 1185 1323 1223 dictum
1350 1199 1352 1223 :
1377 1185 1432 1222 vit
1461 1185 1609 1223 Iudaeis
1637 1193 1679 1222 ut
1704 1198 1763 1223 res
1781 1186 2058 1235 Aegyptiorum
2087 1187 2319 1236 acciperent:
2349 1187 2438 1235 quia

263 1248 339 1288 est,
367 1241 429 1289 ille
456 1241 523 1290 qui
549 1240 679 1278 obedit
706 1247 887 1278 movetur
913 1251 983 1288 per
1010 1238 1214 1288 imperium
1244 1239 1324 1275 eius
1350 1240 1352 1285 2
1379 1239 1460 1276 eius
1488 1246 1575 1276 sunt
1607 1239 1754 1287 omnia,
1784 1246 1822 1276 et
1849 1239 1908 1276 cui
1936 1239 2098 1277 voluerit
2131 1240 2195 1277 dat
2226 1240 2299 1277 illa.
2329 1235 2358 1267 -⁴
2383 1240 2438 1276 Si-

253 1293 327 1333 mi
342 1293 493 1341 obedit,
514 1293 610 1331 sicut
628 1305 688 1331 res
708 1293 897 1331 naturales
925 1299 1130 1331 moventur
1147 1304 1217 1340 per
1235 1304 1325 1328 suos
1350 1292 1352 1322 ἕ
1378 1291 1514 1329 militer
1542 1292 1655 1329 etiam
1684 1305 1763 1330 non
1790 1292 1859 1329 fuit
1887 1300 2018 1330 contra
2046 1293 2254 1330 castitatem
2286 1305 2439 1341 praece-

122 1358 133 1379 τ’
260 1354 443 1387 motores.
478 1347 584 1384 Sicut
617 1354 746 1384 autem
783 1347 890 1383 Deus
927 1353 983 1382 est
1018 1345 1163 1394 primus
1197 1352 1326 1382 motor
1377 1352 1486 1393 ptum
1515 1345 1564 1382 ad
1583 1350 1594 1366 ⁸
1624 1345 1727 1382 Osee
1754 1346 1895 1382 factum
1923 1354 1964 1382 ut
1996 1346 2196 1383 mulierem
2229 1346 2438 1383 adulteram

261 1399 439 1438 omnium
472 1412 571 1449 quae
606 1399 823 1437 naturaliter
859 1406 1085 1446 moventur,
1124 1398 1174 1435 ita
1210 1398 1324 1435 etiam
1351 1437 1353 1441 ,
1378 1397 1566 1446 acciperet
1587 1398 1628 1434 *ε
1657 1397 1746 1447 quia
1773 1398 1853 1447 ipse
1882 1399 1987 1436 Deus
2017 1406 2072 1436 est
2106 1400 2299 1436 humanae
2328 1410 2440 1447 gene-

262 1460 319 1490 est
343 1453 491 1502 primus
519 1459 647 1490 motor
670 1452 845 1489 omnium
863 1452 1119 1497 voluntatum,
1138 1458 1180 1488 ut
1199 1462 1245 1487 ex
1265 1463 1325 1488 su·
1351 1449 1352 1480 ἒ
1379 1451 1533 1488 rationis
1562 1451 1774 1498 ordinator,
1796 1459 1832 1488 et
1851 1451 1911 1488 ille
1932 1459 1987 1489 est
2015 1452 2163 1489 debitus
2191 1452 2332 1489 modus
2355 1464 2438 1488 mu-

26 1502 234 1559 4¹⁸3&me
258 1517 332 1556 pra
349 1505 370 1529 *
398 1505 506 1544 dictis
532 1513 647 1555 patet.
683 1506 732 1543 Et
751 1505 956 1545 ideosicut
974 1503 1135 1541 naturali
1163 1503 1323 1541 necessi·
1351 1530 1353 1543 ς
1378 1503 1531 1540 liei-ibus
1561 1504 1689 1541 utendi
1721 1516 1838 1552 quem
1867 1505 1973 1542 Deus
2001 1505 2167 1542 instituit.
2186 1525 2211 1534 -
2239 1506 2350 1542 Unde
2375 1517 2440 1553 pa-

260 1565 339 1598 tate
366 1559 498 1597 omnia
525 1558 708 1596 naturalia
737 1558 951 1595 subduntur
971 1557 1122 1594 divinae
1151 1556 1323 1603 motioni,
1351 1559 1353 1607 g
1378 1564 1430 1594 tet
1449 1557 1554 1605 quod
1578 1556 1760 1605 praedicti
1787 1569 1858 1594 nec
1887 1557 2104 1596 obediendo
2128 1559 2226 1606 Deo,
2246 1570 2317 1595 nec
2350 1558 2440 1594 obe—

261 1611 314 1650 ita
341 1611 455 1651 etiam
483 1613 651 1661 quadam
669 1611 892 1648 necessitate
921 1609 1082 1647 iustitiae
1101 1621 1237 1647 omnes
1256 1621 1326 1646 vo-
1351 1609 1353 1670 j
1379 1610 1458 1647 dire
1485 1609 1673 1656 volendo,
1702 1618 1970 1658 peccaverunt.
2399 1636 2401 1640 -

260 1666 423 1703 luntates
451 1672 627 1703 tenentur
654 1663 812 1701 obedire
840 1663 971 1701 divino
1000 1662 1172 1711 imperio.
1351 1678 1353 1707 q
1431 1664 1490 1700 An
1526 1674 1687 1700 TERTIUM
1723 1674 1908 1700 mOENDUM
1942 1663 2047 1712 quod
2083 1663 2150 1700 etsi
2178 1676 2257 1700 non
2289 1675 2441 1711 semper

262 1751 271 1756 .
314 1719 374 1756 An
393 1729 531 1756 ramum
549 1728 648 1755 ERGO
667 1728 854 1762 menapum
873 1718 978 1765 quod
993 1715 1184 1753 Dominus
1203 1715 1325 1752 caecis
1351 1715 1353 1750 ἶ
1378 1723 1551 1752 teneatur
1577 1716 1698 1752 homo
1727 1716 1827 1752 velle
1855 1716 1960 1763 quod
1993 1717 2099 1753 Deus
2126 1717 2208 1752 vult
2226 1716 2261 1762 ³¹³,
2291 1728 2442 1764 semper

260 1770 354 1809 dixit
379 1778 422 1807 ut
449 1770 676 1808 miraculum
705 1771 950 1816 occultarent,
971 1781 1050 1806 non
1069 1768 1176 1817 quasi
1205 1768 1325 1806 inten-
1351 1788 1353 1835 ⁴
1378 1776 1508 1805 tamen
1536 1776 1686 1806 tenetur
1713 1769 1811 1805 velle
1839 1769 1944 1816 quod
1973 1770 2079 1806 Deus
2102 1770 2184 1805 vult
2211 1781 2301 1806 eum
2330 1769 2440 1805 velle.

261 1823 356 1862 dens
385 1836 452 1861 eos
471 1835 542 1873 per
567 1823 747 1861 virtutem
777 1822 893 1860 divini
915 1821 1107 1871 praecepti
1136 1821 1324 1869 obligare:
1351 1837 1353 1870 ς
1380 1822 1428 1858 Et
1455 1822 1530 1858 hoc
1555 1821 1705 1858 homini
1733 1821 1935 1870 praecipue
1963 1821 2163 1859 innotescit
2195 1835 2263 1871 per
2289 1834 2443 1870 praece-

63 1918 72 1931 ,
92 1876 234 1926 §.¹32ss
259 1877 347 1925 sed,
375 1876 471 1915 sicut
497 1876 706 1925 Gregorius
733 1876 840 1923 dicit,
869 1877 959 1912 XIX
987 1875 1131 1912 Moral.
1152 1874 1183 1921 ²⁸,
1207 1875 1325 1911 servis
1351 1877 1353 1926 l
1379 1882 1488 1923 ptum
1518 1874 1705 1911 divinum.
1734 1875 1783 1911 Et
1810 1874 1897 1911 ideo
1927 1882 2075 1912 tenetur
2102 1876 2222 1912 homo
2252 1875 2290 1911 in
2319 1874 2441 1911 omni—

118 1939 137 1966 τ
259 1931 337 1968 suis
354 1942 395 1967 se
413 1935 428 1958 Υ
455 1930 691 1979 sequentibus
709 1928 923 1978 exemplum
943 1929 1063 1966 dedit:
1091 1933 1132 1964 ut
1149 1928 1220 1976 ipsi
1245 1928 1324 1976 qui·
1351 1928 1353 1970 1
1380 1928 1450 1964 bus
1480 1926 1617 1964 divinis
1645 1928 1856 1976 praeceptis
1885 1927 2052 1965 obedire.

259 2062 263 2064 '
315 2062 343 2096 α)
362 2061 442 2095 quod.
460 2075 479 2081 —
497 2062 559 2087 Om.
579 2061 627 2086 Pa.
1431 2058 1456 2091 ὃ)
1476 2059 1549 2084 haec.
1567 2072 1585 2078 -
1603 2059 1645 2084 hic
1663 2058 1794 2092 BF(pc·r),
1814 2059 1863 2084 hoc
1881 2059 1937 2084 PsC
1956 2065 1981 2084 et
1998 2066 2023 2084 a.

252 2123 264 2135 ι,
314 2097 340 2131 β)
359 2104 436 2130 quae.
454 2110 473 2117 -·
490 2103 670 2130 quaecumque
688 2095 741 2121 PK.
1432 2094 1455 2126 ε)
1474 2094 1520 2119 ad.
1537 2107 1557 2114 -·
1574 2094 1635 2120 Om.
1655 2094 1736 2120 PIKa.

257 2161 260 2163 .
313 2133 340 2168 γ)
359 2140 396 2160 se.
413 2146 432 2153 ·-
449 2140 505 2158 sese
524 2132 573 2163 PC,
591 2139 624 2157 ac
643 2131 674 2163 G,
693 2139 747 2156 om.
766 2130 831 2156 IKL.

926 2208 1259 2242 Commentaria
1282 2207 1533 2241 Oardjnalis
1551 2208 1756 2241 Caietam

290 2302 312 2323 n
327 2290 461 2323 articulo
481 2297 596 2331 quarto
617 2289 760 2320 eiusdem
779 2287 974 2330 quaestionis
995 2287 1325 2327 centesimaequartae,
1348 2284 1352 2310 ¹
1434 2286 1484 2317 Ad
1508 2286 1570 2317 hoc
1594 2286 1708 2317 dicitur
1731 2288 1820 2328 quod
1842 2287 2002 2318 Dominus
2027 2288 2129 2324 Iesus,
2153 2287 2226 2318 licet
2251 2294 2332 2318 esset
2355 2298 2446 2328 supe-

260 2304 326 2367 lin
349 2334 558 2377 responsione
582 2329 795 2374 ad'primum,
821 2332 957 2362 dubium
979 2332 1126 2370 occurrit,
1149 2341 1189 2361 an
1212 2329 1325 2361 Domi·
1379 2330 1443 2360 rior
1467 2337 1496 2361 et
1519 2338 1627 2370 posset
1650 2337 1803 2371 potestate
1827 2332 2024 2372 praeceptiva
2049 2331 2104 2368 uti,
2124 2331 2156 2361 in
2173 2331 2228 2362 isso
2252 2339 2358 2362 tamen
2373 2339 2444 2362 actu

262 2380 323 2412 nus
346 2379 433 2410 lesus
454 2388 528 2409 vere
550 2383 755 2418 praeceptum
777 2376 885 2407 fecerit
908 2375 1006 2406 caecis
1033 2385 1073 2406 ne
1097 2385 1172 2405 eum
1195 2374 1326 2404 manife-
1379 2384 1446 2404 non
1470 2381 1516 2405 est
1547 2384 1582 2404 ea
1605 2385 1696 2411 usus,
1722 2375 1775 2405 sed
1799 2382 1835 2406 ut
1858 2385 1941 2406 unus
1964 2376 2134 2406 hominum
2160 2376 2286 2406 locutus
2317 2383 2380 2411 est,
2405 2377 2444 2406 ad

261 2427 388 2456 starem.
412 2423 454 2454 Et
473 2430 520 2454 est
542 2422 622 2453 ratio
638 2421 726 2452 dubii
750 2421 825 2462 quia
849 2420 875 2450 si
898 2430 965 2450 non
981 2419 1116 2450 intendit
1138 2418 1326 2460 praecipere,
1381 2419 1563 2459 exemplum
1587 2419 1740 2456 aliorum,
1764 2429 1821 2459 per
1843 2421 1978 2450 modum
2002 2419 2221 2460 praecipientis
2244 2421 2382 2460 petendo
2406 2430 2445 2450 ne

261 2474 299 2500 ut
319 2468 422 2499 littera
444 2467 529 2504 dicit,
553 2465 697 2506 sequitur
711 2465 800 2506 quod
814 2464 1015 2504 Evangelista
1037 2464 1120 2494 male
1144 2462 1330 2503 expresserit
1381 2462 1604 2503 divulgaretur.
1628 2463 1670 2494 Et
1688 2464 1814 2494 suberat
1828 2464 1950 2495 veritas.
1967 2464 2052 2501 Quia
2066 2471 2219 2504 tanquam
2234 2474 2317 2495 unus
2332 2465 2444 2500 homo,

261 2513 356 2544 verba
378 2511 528 2548 Domini,
553 2510 687 2541 dicendo
712 2509 800 2550 quod
822 2509 985 2549 praecepit
1007 2509 1062 2539 eis.
1095 2507 1126 2539 Si
1150 2514 1256 2538 autem
1281 2507 1328 2537 in·
1382 2514 1540 2548 quantum
1563 2517 1600 2538 ex
1623 2518 1656 2538 se
1675 2515 1749 2544 erat,
1766 2508 1892 2539 volebat
1915 2515 1952 2539 ut
1974 2518 2040 2539 non
2064 2508 2331 2540 manifestaretur:
2357 2516 2387 2540 et
2406 2509 2445 2538 ad

260 2557 363 2589 tendit
390 2555 586 2597 praecipere,
610 2554 692 2585 male
716 2563 791 2594 ergo
824 2552 1009 2593 exprimitur
1035 2552 1069 2583 in
1093 2551 1194 2583 littera
1225 2561 1329 2591 oppo-
1384 2552 1618 2582 ostendendum
1635 2553 1799 2583 veritatem
1821 2552 1892 2583 talis
1915 2552 2109 2591 intentionis,
2125 2563 2181 2593 per
2199 2553 2333 2584 modum
2358 2563 2445 2594 prae-

262 2600 369 2633 situm.
1385 2595 1528 2636 cipientis
1551 2596 1751 2637 loquebatur.
1775 2596 1817 2627 Et
1839 2596 1882 2627 sic
1906 2597 2013 2627 omnia
2037 2604 2223 2628 consonant.

566 2860 722 2891 UTRUM
746 2858 915 2890 SUBDITI
939 2857 1210 2887 TENEANTUR
1234 2856 1324 2887 SUIS
1347 2856 1652 2888 SUPERIORIBUS
1676 2858 1719 2888 IN
1743 2858 1932 2889 OMNIBUS
1956 2858 2141 2889 OBEDIRE

755 2938 785 2962 In
807 2937 889 2967 loen„
909 2935 964 2968 cap.
982 2943 1010 2965 11,
1029 2936 1088 2961 lect.
1107 2942 1130 2964 1;
1149 2935 1193 2959 Ad
1211 2935 1298 2965 Rom..
1318 2943 1373 2968 cap.
1393 2944 1444 2966 xm,
1465 2937 1524 2962 lect.
1542 2945 1563 2968 1;
1583 2938 1626 2962 Ad
1648 2937 1708 2967 Tit„
1729 2945 1784 2970 cap.
1802 2944 1840 2968 111,
1860 2938 1918 2962 lect.
1936 2945 1954 2962 ι.

299 3044 361 3074 1ss,
380 3047 413 3073 ρ,
449 3052 452 3058 s
477 3038 500 3064 n
520 3037 683 3068 Qumrum
703 3036 757 3061 Sic
777 3034 1016 3060 PRocemrua.
1046 3021 1205 3058 Videtur
1225 3021 1330 3069 quod
1355 3020 1357 3076 ἶ
1387 3027 1422 3056 et
1450 3018 1643 3055 subditos:
1673 3017 1883 3054 secundum
1912 3017 2001 3054 illud
2028 3018 2140 3054 Deut.
2160 3030 2184 3054 v
2202 3017 2238 3054 *x
2266 3019 2353 3068 Ego
2389 3031 2443 3055 se-

295 3065 393 3138 ΕΒΔ
406 3081 448 3129 {uso
477 3078 617 3116 subditi
652 3083 849 3114 teneantur
887 3075 964 3112 suis
1000 3073 1258 3124 superioribus
1291 3074 1331 3111 in
1355 3077 1358 3141 Ι
1384 3077 1531 3120 quester
1558 3076 1592 3108 et
1619 3070 1762 3107 medius
1778 3070 1848 3118 fui
1865 3071 1960 3107 inter
1987 3071 2111 3107 Deum
2140 3076 2176 3107 et
2195 3082 2261 3108 vos
2289 3072 2325 3108 in
2355 3077 2444 3108 tem-

33 3138 35 3147 *
284 3138 294 3177 '¹
316 3120 658 3179 ‘'21220mnibus
687 3129 854 3166 obedire.
893 3127 994 3165 Dicit
1030 3126 1132 3164 enim
1164 3127 1329 3176 Aposto-
1377 3137 1475 3173 pore
1502 3124 1577 3169 illo,
1608 3129 1648 3159 ut
1673 3123 1938 3160 annuntiarem
1966 3124 2070 3160 vobis
2097 3125 2214 3160 verba
2242 3124 2331 3161 eius.
2368 3125 2443 3161 Sed

29 3199 31 3202 ⁴
50 3178 167 3204 Μ’·
288 3176 306 3194 ’“”
322 3180 421 3219 ἔὲἐ-υυ
437 3176 469 3222 *a
478 3185 548 3232 lus,
567 3183 619 3221 ad
641 3183 780 3220 Coloss.
802 3193 837 3218 111
856 3181 896 3217 *τ
916 3180 1014 3227 Filii,
1036 3180 1177 3218 obedite
1190 3191 1330 3228 paren·
1383 3178 1431 3214 ab
1461 3183 1632 3214 extremo
1651 3176 1690 3212 in
1711 3183 1922 3213 extremum
1941 3189 2020 3213 non
2039 3177 2261 3225 pervenitur
2287 3177 2356 3213 nisi
2375 3189 2444 3226 per

50 3236 118 3261 ven.
133 3244 167 3261 κ.

1383 3230 1568 3268 medium.
1598 3229 1699 3277 Ergo
1718 3236 1921 3278 praecepta
1948 3229 2103 3278 praelati
2122 3236 2209 3266 sunt
2233 3230 2444 3278 reputanda

1383 3291 1565 3333 tanquam
1591 3290 1795 3331 praecepta
1823 3282 1906 3319 Dei.
1945 3282 2056 3320 Unde
2090 3290 2126 3319 et
2152 3283 2359 3331 Apostolus
2389 3282 2444 3319 di—

1383 3336 1443 3383 cit,
1477 3336 1560 3373 Gal.
1582 3347 1617 3372 iv
1635 3334 1672 3371 *ε
1702 3335 1806 3372 Sicut
1822 3335 2002 3385 angelum
2020 3335 2096 3372 Dei
2116 3335 2307 3383 accepistis
2327 3340 2344 3357 α
2371 3348 2442 3381 me,

1382 3390 1478 3426 sicut
1508 3389 1696 3425 Christum
1724 3389 1873 3430 Iesum,·
1902 3396 1937 3424 et
1966 3389 1979 3424 I
2009 3388 2060 3424 ad
2081 3387 2205 3425 Thess.
2231 3400 2254 3424 11
2275 3387 2312 3424 *z
2348 3389 2442 3425 Cum

1383 3441 1613 3490 accepissetis
1640 3453 1664 3478 a
1693 3442 1798 3477 nohis
1825 3442 1980 3477 verbum
2009 3441 2156 3477 auditus
2184 3441 2272 3487 Dei,
2301 3442 2443 3490 accepi-

2561 505 2575 530 δ

2466 600 2473 607 ·
2491 598 2548 620 Ord.
2561 603 2581 620 et
2592 599 2674 620 Lomb.

2465 631 2493 663 53
2503 626 2569 673 att:
2585 657 2621 677 24.

2465 1087 2476 1097 ⁶
2490 1086 2517 1107 D.
2532 1092 2557 1112 4,
2570 1086 2614 1114 518,
2624 1086 2676 1108 802.

2467 1406 2477 1415 ⁸
2491 1404 2519 1426 D.
2535 1404 2585 1432 967.

2468 1722 2478 1732 ⁸
2495 1721 2523 1743 D.
2537 1727 2586 1748 422,
2600 1728 2651 1749 492.

2470 3031 2479 3040 ⁴
2496 3029 2564 3051 Vers.
2580 3035 2599 3057 5.

2472 3336 2481 3345 ⁸
2496 3334 2563 3356 Vers.
2579 3340 2610 3361 ¹4-

2471 3398 2481 3407 ·
2496 3396 2564 3418 Vers.
2580 3402 2609 3422 ¹3-
