<?xml version="1.0" encoding="UTF-8"?>
<!DOCTYPE html PUBLIC "-//W3C//DTD XHTML 1.0 Transitional//EN"
    "http://www.w3.org/TR/xhtml1/DTD/xhtml1-transitional.dtd">
<html xmlns="http://www.w3.org/1999/xhtml" xml:lang="en" lang="en">
 <head>
  <title>
</title>
<meta http-equiv="Content-Type" content="text/html;charset=utf-8" />
  <meta name='ocr-system' content='tesseract 3.04.00' />
  <meta name='ocr-capabilities' content='ocr_page ocr_carea ocr_par ocr_line ocrx_word'/>
</head>
<body>
  <div class='ocr_page' id='page_1' title='image "./operaomniaiussui09thom/operaomniaiussui09thom_0300.png"; bbox 0 0 2860 4244; ppageno 0'>
   <div class='ocr_carea' id='block_1_1' title="bbox 295 548 309 573">
    <p class='ocr_par' dir='ltr' id='par_1_1' title="bbox 295 548 309 573">
     <span class='ocr_line' id='line_1_1' title="bbox 295 548 309 573; baseline 0 0"><span class='ocrx_word' id='word_1_1' title='bbox 295 548 309 573; x_wconf 83' lang='grc' dir='ltr'>ὂ</span> 
     </span>
    </p>
   </div>
   <div class='ocr_carea' id='block_1_2' title="bbox 196 655 405 682">
    <p class='ocr_par' dir='ltr' id='par_1_2' title="bbox 196 655 405 682">
     <span class='ocr_line' id='line_1_2' title="bbox 196 655 405 682; baseline -0.005 -5"><span class='ocrx_word' id='word_1_2' title='bbox 196 656 207 666; x_wconf 80' lang='lat'>⁸</span> <span class='ocrx_word' id='word_1_3' title='bbox 221 657 270 677; x_wconf 85' lang='lat' dir='ltr'>Art.</span> <span class='ocrx_word' id='word_1_4' title='bbox 283 657 303 679; x_wconf 76' lang='grc'>8,</span> <span class='ocrx_word' id='word_1_5' title='bbox 315 655 405 682; x_wconf 79' lang='lat' dir='ltr'>ad1‚4.</span> 
     </span>
    </p>
   </div>
   <div class='ocr_carea' id='block_1_3' title="bbox 190 1181 318 1203">
    <p class='ocr_par' dir='ltr' id='par_1_3' title="bbox 190 1181 318 1203">
     <span class='ocr_line' id='line_1_3' title="bbox 190 1181 318 1203; baseline 0.008 -1"><span class='ocrx_word' id='word_1_6' title='bbox 190 1181 200 1192; x_wconf 72' lang='lat'>⁸</span> <span class='ocrx_word' id='word_1_7' title='bbox 215 1181 280 1203; x_wconf 76' lang='lat' dir='ltr'>Vers.</span> <span class='ocrx_word' id='word_1_8' title='bbox 297 1182 318 1203; x_wconf 84' lang='grc'>8.</span> 
     </span>
    </p>
   </div>
   <div class='ocr_carea' id='block_1_4' title="bbox 189 1440 316 1467">
    <p class='ocr_par' dir='ltr' id='par_1_4' title="bbox 189 1440 316 1467">
     <span class='ocr_line' id='line_1_4' title="bbox 189 1440 316 1467; baseline 0.016 -7"><span class='ocrx_word' id='word_1_9' title='bbox 189 1441 199 1451; x_wconf 77' lang='grc'><em>“</em></span> <span class='ocrx_word' id='word_1_10' title='bbox 213 1440 241 1461; x_wconf 92' lang='lat' dir='ltr'>D.</span> <span class='ocrx_word' id='word_1_11' title='bbox 257 1446 316 1467; x_wconf 86' lang='lat'>¹²07·</span> 
     </span>
    </p>
   </div>
   <div class='ocr_carea' id='block_1_5' title="bbox 187 2792 397 2846">
    <p class='ocr_par' dir='ltr' id='par_1_5' title="bbox 187 2792 397 2846">
     <span class='ocr_line' id='line_1_5' title="bbox 187 2792 397 2846; baseline 0 -6"><span class='ocrx_word' id='word_1_12' title='bbox 187 2792 367 2846; x_wconf 50' lang='lat' dir='ltr'>{idisti-¹222,</span> <span class='ocrx_word' id='word_1_13' title='bbox 368 2792 397 2841; x_wconf 46' lang='grc' dir='ltr'>ἀί.</span> 
     </span>
    </p>
   </div>
   <div class='ocr_carea' id='block_1_6' title="bbox 439 206 514 241">
    <p class='ocr_par' dir='ltr' id='par_1_6' title="bbox 439 206 514 241">
     <span class='ocr_line' id='line_1_6' title="bbox 439 206 514 241; baseline 0 0"><span class='ocrx_word' id='word_1_14' title='bbox 439 206 514 241; x_wconf 82' lang='grc'>268</span> 
     </span>
    </p>
   </div>
   <div class='ocr_carea' id='block_1_7' title="bbox 433 282 1498 699">
    <p class='ocr_par' dir='ltr' id='par_1_7' title="bbox 435 282 1498 488">
     <span class='ocr_line' id='line_1_7' title="bbox 438 282 1498 331; baseline -0.001 -12"><span class='ocrx_word' id='word_1_15' title='bbox 438 283 658 331; x_wconf 89' lang='lat' dir='ltr'>religionem</span> <span class='ocrx_word' id='word_1_16' title='bbox 695 283 908 331; x_wconf 89' lang='lat' dir='ltr'>ingrediens</span> <span class='ocrx_word' id='word_1_17' title='bbox 947 283 1106 319; x_wconf 91' lang='lat' dir='ltr'>moritur</span> <span class='ocrx_word' id='word_1_18' title='bbox 1141 282 1258 330; x_wconf 82' lang='lat' dir='ltr'>priori</span> <span class='ocrx_word' id='word_1_19' title='bbox 1293 282 1417 328; x_wconf 88' lang='lat' dir='ltr'>vitae;</span> <span class='ocrx_word' id='word_1_20' title='bbox 1461 289 1498 319; x_wconf 91' lang='lat' dir='ltr'>et</span> 
     </span>
     <span class='ocr_line' id='line_1_8' title="bbox 438 334 1496 383; baseline -0.002 -11"><span class='ocrx_word' id='word_1_21' title='bbox 438 335 550 372; x_wconf 89' lang='lat' dir='ltr'>etiam</span> <span class='ocrx_word' id='word_1_22' title='bbox 580 336 785 383; x_wconf 83' lang='lat' dir='ltr'>singulares</span> <span class='ocrx_word' id='word_1_23' title='bbox 807 335 1067 372; x_wconf 83' lang='lat' dir='ltr'>observantiae</span> <span class='ocrx_word' id='word_1_24' title='bbox 1096 334 1266 382; x_wconf 86' lang='lat' dir='ltr'>religioni</span> <span class='ocrx_word' id='word_1_25' title='bbox 1293 345 1371 371; x_wconf 90' lang='lat' dir='ltr'>non</span> <span class='ocrx_word' id='word_1_26' title='bbox 1392 346 1496 371; x_wconf 91' lang='lat' dir='ltr'>com-</span> 
     </span>
     <span class='ocr_line' id='line_1_9' title="bbox 436 386 1494 436; baseline 0 -12"><span class='ocrx_word' id='word_1_27' title='bbox 436 396 587 436; x_wconf 88' lang='lat' dir='ltr'>petunt;</span> <span class='ocrx_word' id='word_1_28' title='bbox 618 395 653 424; x_wconf 93' lang='lat' dir='ltr'>et</span> <span class='ocrx_word' id='word_1_29' title='bbox 674 388 861 435; x_wconf 88' lang='lat' dir='ltr'>religionis</span> <span class='ocrx_word' id='word_1_30' title='bbox 890 400 986 424; x_wconf 90' lang='lat' dir='ltr'>onus</span> <span class='ocrx_word' id='word_1_31' title='bbox 1013 386 1098 423; x_wconf 88' lang='lat' dir='ltr'>satis</span> <span class='ocrx_word' id='word_1_32' title='bbox 1128 386 1325 424; x_wconf 88' lang='lat' dir='ltr'>hominem</span> <span class='ocrx_word' id='word_1_33' title='bbox 1350 394 1494 435; x_wconf 90' lang='lat' dir='ltr'>onerat,</span> 
     </span>
     <span class='ocr_line' id='line_1_10' title="bbox 435 440 1179 488; baseline 0 -12"><span class='ocrx_word' id='word_1_34' title='bbox 435 448 477 477; x_wconf 90' lang='lat' dir='ltr'>ut</span> <span class='ocrx_word' id='word_1_35' title='bbox 505 441 577 477; x_wconf 90' lang='lat' dir='ltr'>alia</span> <span class='ocrx_word' id='word_1_36' title='bbox 605 440 861 488; x_wconf 89' lang='lat' dir='ltr'>superaddere</span> <span class='ocrx_word' id='word_1_37' title='bbox 889 451 967 476; x_wconf 92' lang='lat' dir='ltr'>non</span> <span class='ocrx_word' id='word_1_38' title='bbox 996 446 1179 487; x_wconf 78' lang='lat' dir='ltr'>oporteat.</span> 
     </span>
    </p>

    <p class='ocr_par' dir='ltr' id='par_1_8' title="bbox 433 491 1495 699">
     <span class='ocr_line' id='line_1_11' title="bbox 487 491 1495 540; baseline -0.001 -11"><span class='ocrx_word' id='word_1_39' title='bbox 487 495 545 529; x_wconf 87' lang='lat' dir='ltr'>An</span> <span class='ocrx_word' id='word_1_40' title='bbox 572 504 761 529; x_wconf 79' lang='lat' dir='ltr'>SECUNDUM</span> <span class='ocrx_word' id='word_1_41' title='bbox 790 503 973 528; x_wconf 70' lang='lat' dir='ltr'>DICENDUM</span> <span class='ocrx_word' id='word_1_42' title='bbox 1002 491 1107 539; x_wconf 91' lang='lat' dir='ltr'>quod</span> <span class='ocrx_word' id='word_1_43' title='bbox 1135 492 1293 540; x_wconf 90' lang='lat' dir='ltr'>quidam</span> <span class='ocrx_word' id='word_1_44' title='bbox 1322 492 1495 529; x_wconf 87' lang='lat' dir='ltr'>dixerunt</span> 
     </span>
     <span class='ocr_line' id='line_1_12' title="bbox 435 543 1493 593; baseline 0 -11"><span class='ocrx_word' id='word_1_45' title='bbox 435 546 540 592; x_wconf 90' lang='lat' dir='ltr'>quod</span> <span class='ocrx_word' id='word_1_46' title='bbox 559 543 572 566; x_wconf 74' lang='grc' dir='ltr'><strong>δ</strong></span> <span class='ocrx_word' id='word_1_47' title='bbox 599 545 754 593; x_wconf 90' lang='lat' dir='ltr'>praelati</span> <span class='ocrx_word' id='word_1_48' title='bbox 773 552 933 592; x_wconf 90' lang='lat' dir='ltr'>possunt</span> <span class='ocrx_word' id='word_1_49' title='bbox 951 544 989 581; x_wconf 93' lang='lat' dir='ltr'>in</span> <span class='ocrx_word' id='word_1_50' title='bbox 1009 544 1108 581; x_wconf 88' lang='lat' dir='ltr'>votis</span> <span class='ocrx_word' id='word_1_51' title='bbox 1126 557 1197 593; x_wconf 93' lang='lat' dir='ltr'>pro</span> <span class='ocrx_word' id='word_1_52' title='bbox 1217 545 1323 582; x_wconf 90' lang='lat' dir='ltr'>libito</span> <span class='ocrx_word' id='word_1_53' title='bbox 1343 545 1493 593; x_wconf 88' lang='lat' dir='ltr'>dispen-</span> 
     </span>
     <span class='ocr_line' id='line_1_13' title="bbox 434 597 1494 646; baseline 0.002 -13"><span class='ocrx_word' id='word_1_54' title='bbox 434 609 528 644; x_wconf 88' lang='lat' dir='ltr'>sare,</span> <span class='ocrx_word' id='word_1_55' title='bbox 559 598 646 645; x_wconf 90' lang='lat' dir='ltr'>quia</span> <span class='ocrx_word' id='word_1_56' title='bbox 674 597 711 633; x_wconf 92' lang='lat' dir='ltr'>in</span> <span class='ocrx_word' id='word_1_57' title='bbox 731 597 900 646; x_wconf 89' lang='lat' dir='ltr'>quolibet</span> <span class='ocrx_word' id='word_1_58' title='bbox 917 605 1010 634; x_wconf 89' lang='lat' dir='ltr'>voto</span> <span class='ocrx_word' id='word_1_59' title='bbox 1039 597 1241 634; x_wconf 89' lang='lat' dir='ltr'>includitur</span> <span class='ocrx_word' id='word_1_60' title='bbox 1261 597 1494 635; x_wconf 91' lang='lat' dir='ltr'>conditiona-</span> 
     </span>
     <span class='ocr_line' id='line_1_14' title="bbox 433 649 1493 699; baseline 0.002 -13"><span class='ocrx_word' id='word_1_61' title='bbox 433 650 513 686; x_wconf 88' lang='lat' dir='ltr'>liter</span> <span class='ocrx_word' id='word_1_62' title='bbox 543 651 719 686; x_wconf 88' lang='lat' dir='ltr'>voluntas</span> <span class='ocrx_word' id='word_1_63' title='bbox 756 650 912 698; x_wconf 89' lang='lat' dir='ltr'>praelati</span> <span class='ocrx_word' id='word_1_64' title='bbox 950 649 1171 698; x_wconf 90' lang='lat' dir='ltr'>superioris:</span> <span class='ocrx_word' id='word_1_65' title='bbox 1210 650 1304 687; x_wconf 92' lang='lat' dir='ltr'>sicut</span> <span class='ocrx_word' id='word_1_66' title='bbox 1340 663 1454 699; x_wconf 91' lang='lat' dir='ltr'>supra</span> <span class='ocrx_word' id='word_1_67' title='bbox 1473 651 1493 673; x_wconf 75' lang='lat'>&#39;¹‘</span> 
     </span>
    </p>
   </div>
   <div class='ocr_carea' id='block_1_8' title="bbox 434 702 1492 752">
    <p class='ocr_par' dir='ltr' id='par_1_9' title="bbox 434 702 1520 760">
     <span class='ocr_line' id='line_1_15' title="bbox 434 702 1492 752; baseline 0.003 -14"><span class='ocrx_word' id='word_1_68' title='bbox 434 703 576 739; x_wconf 92' lang='lat' dir='ltr'>dictum</span> <span class='ocrx_word' id='word_1_69' title='bbox 606 710 660 738; x_wconf 91' lang='lat' dir='ltr'>est</span> <span class='ocrx_word' id='word_1_70' title='bbox 680 702 784 750; x_wconf 91' lang='lat' dir='ltr'>quod</span> <span class='ocrx_word' id='word_1_71' title='bbox 813 702 851 739; x_wconf 91' lang='lat' dir='ltr'>in</span> <span class='ocrx_word' id='word_1_72' title='bbox 874 702 974 740; x_wconf 89' lang='lat' dir='ltr'>votis</span> <span class='ocrx_word' id='word_1_73' title='bbox 1002 702 1255 750; x_wconf 89' lang='lat' dir='ltr'>subditorum,</span> <span class='ocrx_word' id='word_1_74' title='bbox 1275 711 1367 752; x_wconf 88' lang='lat' dir='ltr'>puta</span> <span class='ocrx_word' id='word_1_75' title='bbox 1392 704 1492 741; x_wconf 86' lang='lat' dir='ltr'>servi</span> 
     </span>
    </p>
   </div>
   <div class='ocr_carea' id='block_1_9' title="bbox 431 754 1492 804">
    <p class='ocr_par' dir='ltr' id='par_1_10' title="bbox 431 754 1492 804">
     <span class='ocr_line' id='line_1_16' title="bbox 431 754 1492 804; baseline 0.002 -13"><span class='ocrx_word' id='word_1_76' title='bbox 431 755 492 791; x_wconf 92' lang='lat' dir='ltr'>vel</span> <span class='ocrx_word' id='word_1_77' title='bbox 522 755 598 801; x_wconf 89' lang='lat' dir='ltr'>filii,</span> <span class='ocrx_word' id='word_1_78' title='bbox 620 754 832 802; x_wconf 83' lang='lat' dir='ltr'>intelligitur</span> <span class='ocrx_word' id='word_1_79' title='bbox 851 755 1030 803; x_wconf 91' lang='lat' dir='ltr'>conditio,</span> <span class='ocrx_word' id='word_1_80' title='bbox 1059 756 1093 792; x_wconf 83' lang='lat' dir='ltr'>si</span> <span class='ocrx_word' id='word_1_81' title='bbox 1107 756 1297 804; x_wconf 84' lang='lat' dir='ltr'>placuerit</span> <span class='ocrx_word' id='word_1_82' title='bbox 1310 757 1417 804; x_wconf 84' lang='lat' dir='ltr'>patri</span> <span class='ocrx_word' id='word_1_83' title='bbox 1432 757 1492 794; x_wconf 72' lang='lat' dir='ltr'>vel</span> 
     </span>
    </p>
   </div>
   <div class='ocr_carea' id='block_1_10' title="bbox 431 807 1519 854">
    <p class='ocr_par' dir='ltr' id='par_1_11' title="bbox 431 807 1519 854">
     <span class='ocr_line' id='line_1_17' title="bbox 431 807 1519 854; baseline 0.002 -10"><span class='ocrx_word' id='word_1_84' title='bbox 431 807 593 853; x_wconf 84' lang='lat' dir='ltr'>domino,</span> <span class='ocrx_word' id='word_1_85' title='bbox 623 808 705 854; x_wconf 91' lang='lat' dir='ltr'>vel,</span> <span class='ocrx_word' id='word_1_86' title='bbox 735 808 768 844; x_wconf 81' lang='lat' dir='ltr'>si</span> <span class='ocrx_word' id='word_1_87' title='bbox 794 819 868 844; x_wconf 89' lang='lat' dir='ltr'>non</span> <span class='ocrx_word' id='word_1_88' title='bbox 897 808 1117 845; x_wconf 85' lang='lat' dir='ltr'>renitantur.</span> <span class='ocrx_word' id='word_1_89' title='bbox 1157 809 1206 846; x_wconf 86' lang='lat' dir='ltr'>Et</span> <span class='ocrx_word' id='word_1_90' title='bbox 1237 809 1291 846; x_wconf 90' lang='lat' dir='ltr'>sic</span> <span class='ocrx_word' id='word_1_91' title='bbox 1319 809 1491 846; x_wconf 89' lang='lat' dir='ltr'>subditus</span> <span class='ocrx_word' id='word_1_92' title='bbox 1518 844 1519 850; x_wconf 72' lang='grc'>,</span> 
     </span>
    </p>
   </div>
   <div class='ocr_carea' id='block_1_11' title="bbox 431 860 1490 912">
    <p class='ocr_par' dir='ltr' id='par_1_12' title="bbox 431 860 1490 912">
     <span class='ocr_line' id='line_1_18' title="bbox 431 860 1490 912; baseline 0.003 -16"><span class='ocrx_word' id='word_1_93' title='bbox 431 861 575 907; x_wconf 85' lang='lat' dir='ltr'>absque</span> <span class='ocrx_word' id='word_1_94' title='bbox 598 860 702 897; x_wconf 92' lang='lat' dir='ltr'>omni</span> <span class='ocrx_word' id='word_1_95' title='bbox 722 872 896 898; x_wconf 90' lang='lat' dir='ltr'>remorsu</span> <span class='ocrx_word' id='word_1_96' title='bbox 930 861 1180 899; x_wconf 90' lang='lat' dir='ltr'>conscientiae</span> <span class='ocrx_word' id='word_1_97' title='bbox 1209 870 1338 912; x_wconf 89' lang='lat' dir='ltr'>posset</span> <span class='ocrx_word' id='word_1_98' title='bbox 1355 870 1490 899; x_wconf 85' lang='lat' dir='ltr'>votum</span> 
     </span>
    </p>
   </div>
   <div class='ocr_carea' id='block_1_12' title="bbox 426 913 1491 1496">
    <p class='ocr_par' dir='ltr' id='par_1_13' title="bbox 431 913 1491 1003">
     <span class='ocr_line' id='line_1_19' title="bbox 431 913 1491 964; baseline 0.003 -15"><span class='ocrx_word' id='word_1_99' title='bbox 431 913 739 961; x_wconf 84' lang='lat' dir='ltr'>praetermittere,</span> <span class='ocrx_word' id='word_1_100' title='bbox 760 915 1083 963; x_wconf 85' lang='lat' dir='ltr'>quandocumque</span> <span class='ocrx_word' id='word_1_101' title='bbox 1112 915 1182 952; x_wconf 91' lang='lat' dir='ltr'>sibi</span> <span class='ocrx_word' id='word_1_102' title='bbox 1207 927 1229 952; x_wconf 89' lang='lat' dir='ltr'>a</span> <span class='ocrx_word' id='word_1_103' title='bbox 1248 915 1416 964; x_wconf 89' lang='lat' dir='ltr'>praelato</span> <span class='ocrx_word' id='word_1_104' title='bbox 1437 915 1491 953; x_wconf 92' lang='lat' dir='ltr'>di-</span> 
     </span>
     <span class='ocr_line' id='line_1_20' title="bbox 431 973 589 1003; baseline 0 -1"><span class='ocrx_word' id='word_1_105' title='bbox 431 973 589 1003; x_wconf 89' lang='lat' dir='ltr'>ceretur.</span> 
     </span>
    </p>

    <p class='ocr_par' dir='ltr' id='par_1_14' title="bbox 426 1019 1491 1496">
     <span class='ocr_line' id='line_1_21' title="bbox 483 1019 1490 1068; baseline 0.002 -13"><span class='ocrx_word' id='word_1_106' title='bbox 483 1019 559 1055; x_wconf 87' lang='lat' dir='ltr'>Sed</span> <span class='ocrx_word' id='word_1_107' title='bbox 580 1019 773 1067; x_wconf 89' lang='lat' dir='ltr'>praedicta</span> <span class='ocrx_word' id='word_1_108' title='bbox 791 1019 930 1068; x_wconf 90' lang='lat' dir='ltr'>positio</span> <span class='ocrx_word' id='word_1_109' title='bbox 950 1020 1044 1056; x_wconf 91' lang='lat' dir='ltr'>falso</span> <span class='ocrx_word' id='word_1_110' title='bbox 1064 1019 1242 1057; x_wconf 91' lang='lat' dir='ltr'>innititur.</span> <span class='ocrx_word' id='word_1_111' title='bbox 1273 1020 1374 1067; x_wconf 88' lang='lat' dir='ltr'>Quia</span> <span class='ocrx_word' id='word_1_112' title='bbox 1402 1032 1490 1057; x_wconf 87' lang='lat' dir='ltr'>cum</span> 
     </span>
     <span class='ocr_line' id='line_1_22' title="bbox 428 1072 1491 1122; baseline 0.002 -14"><span class='ocrx_word' id='word_1_113' title='bbox 428 1079 595 1119; x_wconf 87' lang='lat' dir='ltr'>potestas</span> <span class='ocrx_word' id='word_1_114' title='bbox 623 1072 780 1120; x_wconf 90' lang='lat' dir='ltr'>praelati</span> <span class='ocrx_word' id='word_1_115' title='bbox 807 1072 1019 1122; x_wconf 89' lang='lat' dir='ltr'>spiritualis,</span> <span class='ocrx_word' id='word_1_116' title='bbox 1041 1073 1104 1121; x_wconf 93' lang='lat' dir='ltr'>qui</span> <span class='ocrx_word' id='word_1_117' title='bbox 1129 1085 1206 1110; x_wconf 92' lang='lat' dir='ltr'>non</span> <span class='ocrx_word' id='word_1_118' title='bbox 1237 1081 1292 1110; x_wconf 93' lang='lat' dir='ltr'>est</span> <span class='ocrx_word' id='word_1_119' title='bbox 1311 1073 1491 1110; x_wconf 90' lang='lat' dir='ltr'>dominus</span> 
     </span>
     <span class='ocr_line' id='line_1_23' title="bbox 429 1124 1489 1173; baseline 0.003 -13"><span class='ocrx_word' id='word_1_120' title='bbox 429 1125 496 1162; x_wconf 91' lang='lat' dir='ltr'>sed</span> <span class='ocrx_word' id='word_1_121' title='bbox 518 1124 767 1173; x_wconf 85' lang='lat' dir='ltr'>dispensator,</span> <span class='ocrx_word' id='word_1_122' title='bbox 789 1125 834 1162; x_wconf 93' lang='lat' dir='ltr'>sit</span> <span class='ocrx_word' id='word_1_123' title='bbox 853 1126 890 1163; x_wconf 89' lang='lat' dir='ltr'>in</span> <span class='ocrx_word' id='word_1_124' title='bbox 910 1126 1207 1173; x_wconf 67' lang='lat' dir='ltr'>aedificationem</span> <span class='ocrx_word' id='word_1_125' title='bbox 1236 1127 1336 1172; x_wconf 84' lang='lat' dir='ltr'>data,</span> <span class='ocrx_word' id='word_1_126' title='bbox 1362 1131 1398 1162; x_wconf 86' lang='lat' dir='ltr'>et</span> <span class='ocrx_word' id='word_1_127' title='bbox 1414 1138 1489 1163; x_wconf 88' lang='lat' dir='ltr'>non</span> 
     </span>
     <span class='ocr_line' id='line_1_24' title="bbox 428 1178 1491 1227; baseline 0.002 -14"><span class='ocrx_word' id='word_1_128' title='bbox 428 1178 465 1213; x_wconf 86' lang='lat' dir='ltr'>in</span> <span class='ocrx_word' id='word_1_129' title='bbox 494 1178 797 1224; x_wconf 82' lang='lat' dir='ltr'>destructionem,</span> <span class='ocrx_word' id='word_1_130' title='bbox 826 1186 868 1215; x_wconf 94' lang='lat' dir='ltr'>ut</span> <span class='ocrx_word' id='word_1_131' title='bbox 893 1186 996 1227; x_wconf 86' lang='lat' dir='ltr'>patet</span> <span class='ocrx_word' id='word_1_132' title='bbox 1026 1180 1056 1215; x_wconf 90' lang='grc' dir='ltr'>ΙΙ</span> <span class='ocrx_word' id='word_1_133' title='bbox 1094 1179 1146 1215; x_wconf 87' lang='lat' dir='ltr'>ad</span> <span class='ocrx_word' id='word_1_134' title='bbox 1169 1180 1254 1216; x_wconf 86' lang='lat' dir='ltr'>Cor.</span> <span class='ocrx_word' id='word_1_135' title='bbox 1284 1191 1308 1215; x_wconf 88' lang='lat' dir='ltr'>x</span> <span class='ocrx_word' id='word_1_136' title='bbox 1325 1178 1365 1224; x_wconf 80' lang='lat'>*3</span> <span class='ocrx_word' id='word_1_137' title='bbox 1395 1178 1491 1215; x_wconf 92' lang='lat' dir='ltr'>sicut</span> 
     </span>
     <span class='ocr_line' id='line_1_25' title="bbox 427 1231 1489 1280; baseline 0 -13"><span class='ocrx_word' id='word_1_138' title='bbox 427 1231 616 1279; x_wconf 90' lang='lat' dir='ltr'>praelatus</span> <span class='ocrx_word' id='word_1_139' title='bbox 636 1243 715 1268; x_wconf 92' lang='lat' dir='ltr'>non</span> <span class='ocrx_word' id='word_1_140' title='bbox 734 1239 858 1280; x_wconf 89' lang='lat' dir='ltr'>potest</span> <span class='ocrx_word' id='word_1_141' title='bbox 882 1231 1069 1279; x_wconf 90' lang='lat' dir='ltr'>imperare</span> <span class='ocrx_word' id='word_1_142' title='bbox 1095 1243 1139 1268; x_wconf 92' lang='lat' dir='ltr'>ea</span> <span class='ocrx_word' id='word_1_143' title='bbox 1159 1243 1257 1279; x_wconf 90' lang='lat' dir='ltr'>quae</span> <span class='ocrx_word' id='word_1_144' title='bbox 1278 1232 1489 1268; x_wconf 89' lang='lat' dir='ltr'>secundum</span> 
     </span>
     <span class='ocr_line' id='line_1_26' title="bbox 428 1283 1491 1332; baseline 0.001 -13"><span class='ocrx_word' id='word_1_145' title='bbox 428 1295 468 1319; x_wconf 91' lang='lat' dir='ltr'>se</span> <span class='ocrx_word' id='word_1_146' title='bbox 496 1285 581 1320; x_wconf 91' lang='lat' dir='ltr'>Deo</span> <span class='ocrx_word' id='word_1_147' title='bbox 603 1283 810 1332; x_wconf 89' lang='lat' dir='ltr'>displicent,</span> <span class='ocrx_word' id='word_1_148' title='bbox 836 1284 974 1320; x_wconf 88' lang='lat' dir='ltr'>scilicet</span> <span class='ocrx_word' id='word_1_149' title='bbox 1001 1291 1169 1332; x_wconf 89' lang='lat' dir='ltr'>peccata,</span> <span class='ocrx_word' id='word_1_150' title='bbox 1189 1284 1240 1320; x_wconf 92' lang='lat' dir='ltr'>ita</span> <span class='ocrx_word' id='word_1_151' title='bbox 1264 1296 1342 1320; x_wconf 90' lang='lat' dir='ltr'>non</span> <span class='ocrx_word' id='word_1_152' title='bbox 1365 1291 1491 1332; x_wconf 92' lang='lat' dir='ltr'>potest</span> 
     </span>
     <span class='ocr_line' id='line_1_27' title="bbox 427 1336 1488 1386; baseline 0.003 -15"><span class='ocrx_word' id='word_1_153' title='bbox 427 1336 629 1384; x_wconf 90' lang='lat' dir='ltr'>prohibere</span> <span class='ocrx_word' id='word_1_154' title='bbox 667 1349 712 1372; x_wconf 88' lang='lat' dir='ltr'>ea</span> <span class='ocrx_word' id='word_1_155' title='bbox 740 1349 840 1384; x_wconf 90' lang='lat' dir='ltr'>quae</span> <span class='ocrx_word' id='word_1_156' title='bbox 877 1337 1090 1373; x_wconf 91' lang='lat' dir='ltr'>secundum</span> <span class='ocrx_word' id='word_1_157' title='bbox 1128 1349 1169 1374; x_wconf 93' lang='lat' dir='ltr'>se</span> <span class='ocrx_word' id='word_1_158' title='bbox 1206 1338 1292 1373; x_wconf 91' lang='lat' dir='ltr'>Deo</span> <span class='ocrx_word' id='word_1_159' title='bbox 1327 1337 1488 1386; x_wconf 88' lang='lat' dir='ltr'>placent,</span> 
     </span>
     <span class='ocr_line' id='line_1_28' title="bbox 427 1388 1490 1439; baseline 0.003 -15"><span class='ocrx_word' id='word_1_160' title='bbox 427 1388 567 1425; x_wconf 90' lang='lat' dir='ltr'>scilicet</span> <span class='ocrx_word' id='word_1_161' title='bbox 602 1388 749 1425; x_wconf 90' lang='lat' dir='ltr'>virtutis</span> <span class='ocrx_word' id='word_1_162' title='bbox 788 1401 915 1438; x_wconf 90' lang='lat' dir='ltr'>opera.</span> <span class='ocrx_word' id='word_1_163' title='bbox 959 1390 1008 1427; x_wconf 94' lang='lat' dir='ltr'>Et</span> <span class='ocrx_word' id='word_1_164' title='bbox 1035 1390 1122 1427; x_wconf 91' lang='lat' dir='ltr'>ideo</span> <span class='ocrx_word' id='word_1_165' title='bbox 1157 1390 1329 1427; x_wconf 90' lang='lat' dir='ltr'>absolute</span> <span class='ocrx_word' id='word_1_166' title='bbox 1365 1397 1490 1439; x_wconf 90' lang='lat' dir='ltr'>potest</span> 
     </span>
     <span class='ocr_line' id='line_1_29' title="bbox 426 1442 834 1496; baseline 0.002 -19"><span class='ocrx_word' id='word_1_167' title='bbox 426 1442 545 1478; x_wconf 92' lang='lat' dir='ltr'>homo</span> <span class='ocrx_word' id='word_1_168' title='bbox 576 1454 620 1478; x_wconf 94' lang='lat' dir='ltr'>ea</span> <span class='ocrx_word' id='word_1_169' title='bbox 638 1454 785 1496; x_wconf 82' lang='lat' dir='ltr'>vovere</span> <span class='ocrx_word' id='word_1_170' title='bbox 803 1442 834 1478; x_wconf 72' lang='lat'>²¹².</span> 
     </span>
    </p>
   </div>
   <div class='ocr_carea' id='block_1_13' title="bbox 478 1573 933 1606">
    <p class='ocr_par' dir='ltr' id='par_1_15' title="bbox 478 1573 933 1606">
     <span class='ocr_line' id='line_1_30' title="bbox 478 1573 933 1606; baseline 0.004 -9"><span class='ocrx_word' id='word_1_171' title='bbox 478 1573 502 1606; x_wconf 77' lang='grc' dir='ltr'>Ξ)</span> <span class='ocrx_word' id='word_1_172' title='bbox 523 1574 601 1606; x_wconf 84' lang='lat' dir='ltr'>quod.</span> <span class='ocrx_word' id='word_1_173' title='bbox 614 1588 632 1593; x_wconf 96' lang='lat'>-</span> <span class='ocrx_word' id='word_1_174' title='bbox 650 1575 709 1600; x_wconf 83' lang='lat' dir='ltr'>ideo</span> <span class='ocrx_word' id='word_1_175' title='bbox 727 1575 825 1599; x_wconf 86' lang='lat' dir='ltr'>addunt</span> <span class='ocrx_word' id='word_1_176' title='bbox 844 1574 933 1599; x_wconf 84' lang='lat' dir='ltr'>PDsK.</span> 
     </span>
    </p>
   </div>
   <div class='ocr_carea' id='block_1_14' title="bbox 1515 287 1525 1467">
    <p class='ocr_par' dir='ltr' id='par_1_16' title="bbox 1515 287 1525 1467">
     <span class='ocr_line' id='line_1_31' title="bbox 1515 287 1525 1467; baseline 0 0"><span class='ocrx_word' id='word_1_177' title='bbox 1515 287 1525 1467; x_wconf 95' lang='lat' dir='ltr'> </span> 
     </span>
    </p>
   </div>
   <div class='ocr_carea' id='block_1_15' title="bbox 1039 204 2006 253">
    <p class='ocr_par' dir='ltr' id='par_1_17' title="bbox 1039 204 2006 253">
     <span class='ocr_line' id='line_1_32' title="bbox 1039 204 2006 253; baseline 0.002 -11"><span class='ocrx_word' id='word_1_178' title='bbox 1039 204 1306 251; x_wconf 88' lang='lat' dir='ltr'>QUAESTIO</span> <span class='ocrx_word' id='word_1_179' title='bbox 1337 205 1584 253; x_wconf 83' lang='lat' dir='ltr'>LXXXVIII,</span> <span class='ocrx_word' id='word_1_180' title='bbox 1613 205 1908 244; x_wconf 87' lang='lat' dir='ltr'>ARTICULUS</span> <span class='ocrx_word' id='word_1_181' title='bbox 1938 207 2006 244; x_wconf 91' lang='lat' dir='ltr'>XII</span> 
     </span>
    </p>
   </div>
   <div class='ocr_carea' id='block_1_16' title="bbox 1548 283 2608 439">
    <p class='ocr_par' dir='ltr' id='par_1_18' title="bbox 1548 283 2608 439">
     <span class='ocr_line' id='line_1_33' title="bbox 1603 283 2605 334; baseline 0.002 -14"><span class='ocrx_word' id='word_1_182' title='bbox 1603 283 1665 319; x_wconf 89' lang='lat' dir='ltr'>Ad</span> <span class='ocrx_word' id='word_1_183' title='bbox 1682 284 1894 332; x_wconf 87' lang='lat' dir='ltr'>praelatum</span> <span class='ocrx_word' id='word_1_184' title='bbox 1932 292 2060 321; x_wconf 88' lang='lat' dir='ltr'>tamen</span> <span class='ocrx_word' id='word_1_185' title='bbox 2089 284 2251 333; x_wconf 89' lang='lat' dir='ltr'>pertinet</span> <span class='ocrx_word' id='word_1_186' title='bbox 2277 284 2482 322; x_wconf 89' lang='lat' dir='ltr'>diiudicare</span> <span class='ocrx_word' id='word_1_187' title='bbox 2515 285 2605 334; x_wconf 83' lang='lat' dir='ltr'>quid</span> 
     </span>
     <span class='ocr_line' id='line_1_34' title="bbox 1550 334 2608 387; baseline 0.003 -16"><span class='ocrx_word' id='word_1_188' title='bbox 1550 334 1596 371; x_wconf 90' lang='lat' dir='ltr'>sit</span> <span class='ocrx_word' id='word_1_189' title='bbox 1614 335 1735 383; x_wconf 87' lang='lat' dir='ltr'>magis</span> <span class='ocrx_word' id='word_1_190' title='bbox 1753 336 1968 374; x_wconf 87' lang='lat' dir='ltr'>virtuosum</span> <span class='ocrx_word' id='word_1_191' title='bbox 2003 344 2039 373; x_wconf 91' lang='lat' dir='ltr'>et</span> <span class='ocrx_word' id='word_1_192' title='bbox 2065 337 2150 373; x_wconf 90' lang='lat' dir='ltr'>Deo</span> <span class='ocrx_word' id='word_1_193' title='bbox 2179 337 2300 384; x_wconf 88' lang='lat' dir='ltr'>magis</span> <span class='ocrx_word' id='word_1_194' title='bbox 2320 344 2528 387; x_wconf 85' lang='lat' dir='ltr'>acceptum.</span> <span class='ocrx_word' id='word_1_195' title='bbox 2558 338 2608 374; x_wconf 90' lang='lat' dir='ltr'>Et</span> 
     </span>
     <span class='ocr_line' id='line_1_35' title="bbox 1548 387 2606 439; baseline 0.006 -15"><span class='ocrx_word' id='word_1_196' title='bbox 1548 387 1636 425; x_wconf 90' lang='lat' dir='ltr'>ideo</span> <span class='ocrx_word' id='word_1_197' title='bbox 1665 388 1704 425; x_wconf 93' lang='lat' dir='ltr'>in</span> <span class='ocrx_word' id='word_1_198' title='bbox 1723 389 1930 427; x_wconf 88' lang='lat' dir='ltr'>manifestis</span> <span class='ocrx_word' id='word_1_199' title='bbox 1959 389 2191 438; x_wconf 87' lang='lat' dir='ltr'>dispensatio</span> <span class='ocrx_word' id='word_1_200' title='bbox 2205 389 2362 439; x_wconf 87' lang='lat' dir='ltr'>praelati</span> <span class='ocrx_word' id='word_1_201' title='bbox 2389 402 2466 427; x_wconf 91' lang='lat' dir='ltr'>non</span> <span class='ocrx_word' id='word_1_202' title='bbox 2484 402 2606 437; x_wconf 30' lang='lat' dir='ltr'>,excuff</span> 
     </span>
    </p>
   </div>
   <div class='ocr_carea' id='block_1_17' title="bbox 1521 442 2605 491">
    <p class='ocr_par' dir='ltr' id='par_1_19' title="bbox 1521 442 2605 491">
     <span class='ocr_line' id='line_1_36' title="bbox 1521 442 2605 491; baseline 0.004 -15"><span class='ocrx_word' id='word_1_203' title='bbox 1521 460 1523 463; x_wconf 84' lang='lat'>.</span> <span class='ocrx_word' id='word_1_204' title='bbox 1549 448 1649 476; x_wconf 87' lang='lat' dir='ltr'>saret</span> <span class='ocrx_word' id='word_1_205' title='bbox 1667 453 1690 477; x_wconf 91' lang='lat' dir='ltr'>a</span> <span class='ocrx_word' id='word_1_206' title='bbox 1709 442 1839 490; x_wconf 88' lang='lat' dir='ltr'>culpa:</span> <span class='ocrx_word' id='word_1_207' title='bbox 1867 449 1960 491; x_wconf 88' lang='lat' dir='ltr'>puta</span> <span class='ocrx_word' id='word_1_208' title='bbox 1981 442 2012 479; x_wconf 92' lang='lat' dir='ltr'>si</span> <span class='ocrx_word' id='word_1_209' title='bbox 2038 442 2228 490; x_wconf 87' lang='lat' dir='ltr'>praelatus</span> <span class='ocrx_word' id='word_1_210' title='bbox 2256 442 2490 490; x_wconf 71' lang='lat' dir='ltr'>dispensaret</span> <span class='ocrx_word' id='word_1_211' title='bbox 2516 455 2605 481; x_wconf 88' lang='lat' dir='ltr'>cum</span> 
     </span>
    </p>
   </div>
   <div class='ocr_carea' id='block_1_18' title="bbox 1543 492 2607 1282">
    <p class='ocr_par' dir='ltr' id='par_1_20' title="bbox 1545 492 2607 912">
     <span class='ocr_line' id='line_1_37' title="bbox 1549 492 2607 543; baseline 0.003 -14"><span class='ocrx_word' id='word_1_212' title='bbox 1549 492 1675 541; x_wconf 89' lang='lat' dir='ltr'>aliquo</span> <span class='ocrx_word' id='word_1_213' title='bbox 1708 505 1822 543; x_wconf 87' lang='lat' dir='ltr'>super</span> <span class='ocrx_word' id='word_1_214' title='bbox 1857 502 1950 532; x_wconf 88' lang='lat' dir='ltr'>voto</span> <span class='ocrx_word' id='word_1_215' title='bbox 1980 495 2028 531; x_wconf 90' lang='lat' dir='ltr'>de</span> <span class='ocrx_word' id='word_1_216' title='bbox 2064 494 2235 542; x_wconf 84' lang='lat' dir='ltr'>ingressu</span> <span class='ocrx_word' id='word_1_217' title='bbox 2269 494 2476 543; x_wconf 83' lang='lat' dir='ltr'>religionis,</span> <span class='ocrx_word' id='word_1_218' title='bbox 2503 496 2607 532; x_wconf 82' lang='lat' dir='ltr'>nulla</span> 
     </span>
     <span class='ocr_line' id='line_1_38' title="bbox 1548 546 2607 594; baseline 0.003 -13"><span class='ocrx_word' id='word_1_219' title='bbox 1548 546 1743 594; x_wconf 89' lang='lat' dir='ltr'>apparenti</span> <span class='ocrx_word' id='word_1_220' title='bbox 1777 558 1891 584; x_wconf 85' lang='lat' dir='ltr'>causa</span> <span class='ocrx_word' id='word_1_221' title='bbox 1919 548 2105 584; x_wconf 88' lang='lat' dir='ltr'>obstante.</span> <span class='ocrx_word' id='word_1_222' title='bbox 2137 546 2176 584; x_wconf 91' lang='lat' dir='ltr'>Si</span> <span class='ocrx_word' id='word_1_223' title='bbox 2204 555 2332 584; x_wconf 87' lang='lat' dir='ltr'>autem</span> <span class='ocrx_word' id='word_1_224' title='bbox 2366 555 2466 584; x_wconf 88' lang='lat' dir='ltr'>esset</span> <span class='ocrx_word' id='word_1_225' title='bbox 2493 558 2607 584; x_wconf 80' lang='lat' dir='ltr'>eausa</span> 
     </span>
     <span class='ocr_line' id='line_1_39' title="bbox 1548 599 2605 649; baseline 0.003 -15"><span class='ocrx_word' id='word_1_226' title='bbox 1548 610 1747 647; x_wconf 88' lang='lat' dir='ltr'>apparens,</span> <span class='ocrx_word' id='word_1_227' title='bbox 1763 611 1832 648; x_wconf 90' lang='lat' dir='ltr'>per</span> <span class='ocrx_word' id='word_1_228' title='bbox 1846 611 1962 649; x_wconf 87' lang='lat' dir='ltr'>quam</span> <span class='ocrx_word' id='word_1_229' title='bbox 1985 601 2116 637; x_wconf 85' lang='lat' dir='ltr'>saltem</span> <span class='ocrx_word' id='word_1_230' title='bbox 2137 599 2175 637; x_wconf 90' lang='lat' dir='ltr'>in</span> <span class='ocrx_word' id='word_1_231' title='bbox 2200 600 2359 637; x_wconf 89' lang='lat' dir='ltr'>dubium</span> <span class='ocrx_word' id='word_1_232' title='bbox 2384 607 2605 648; x_wconf 84' lang='lat' dir='ltr'>verteretur,</span> 
     </span>
     <span class='ocr_line' id='line_1_40' title="bbox 1546 650 2606 702; baseline 0.001 -14"><span class='ocrx_word' id='word_1_233' title='bbox 1546 658 1676 699; x_wconf 91' lang='lat' dir='ltr'>posset</span> <span class='ocrx_word' id='word_1_234' title='bbox 1694 658 1792 688; x_wconf 87' lang='lat' dir='ltr'>stare</span> <span class='ocrx_word' id='word_1_235' title='bbox 1811 651 1950 690; x_wconf 89' lang='lat' dir='ltr'>iudicio</span> <span class='ocrx_word' id='word_1_236' title='bbox 1969 653 2125 702; x_wconf 87' lang='lat' dir='ltr'>praelati</span> <span class='ocrx_word' id='word_1_237' title='bbox 2146 652 2396 702; x_wconf 87' lang='lat' dir='ltr'>dispensantis</span> <span class='ocrx_word' id='word_1_238' title='bbox 2414 650 2477 702; x_wconf 75' lang='lat' dir='ltr'>vel</span> <span class='ocrx_word' id='word_1_239' title='bbox 2501 665 2606 690; x_wconf 88' lang='lat' dir='ltr'>com-</span> 
     </span>
     <span class='ocr_line' id='line_1_41' title="bbox 1547 703 2605 765; baseline 0.003 -25"><span class='ocrx_word' id='word_1_240' title='bbox 1547 703 1739 741; x_wconf 87' lang='lat' dir='ltr'>mutantis.</span> <span class='ocrx_word' id='word_1_241' title='bbox 1769 705 1860 741; x_wconf 92' lang='lat' dir='ltr'>Non</span> <span class='ocrx_word' id='word_1_242' title='bbox 1887 712 2016 742; x_wconf 90' lang='lat' dir='ltr'>tamen</span> <span class='ocrx_word' id='word_1_243' title='bbox 2043 705 2182 742; x_wconf 88' lang='lat' dir='ltr'>iudicio</span> <span class='ocrx_word' id='word_1_244' title='bbox 2203 705 2378 765; x_wconf 87' lang='lat' dir='ltr'>proprio,</span> <span class='ocrx_word' id='word_1_245' title='bbox 2407 705 2497 754; x_wconf 89' lang='lat' dir='ltr'>quia</span> <span class='ocrx_word' id='word_1_246' title='bbox 2525 706 2605 754; x_wconf 88' lang='lat' dir='ltr'>ipse</span> 
     </span>
     <span class='ocr_line' id='line_1_42' title="bbox 1546 757 2604 807; baseline 0.004 -15"><span class='ocrx_word' id='word_1_247' title='bbox 1546 769 1625 793; x_wconf 88' lang='lat' dir='ltr'>non</span> <span class='ocrx_word' id='word_1_248' title='bbox 1654 757 1747 804; x_wconf 87' lang='lat' dir='ltr'>gerit</span> <span class='ocrx_word' id='word_1_249' title='bbox 1773 757 1899 793; x_wconf 90' lang='lat' dir='ltr'>vicem</span> <span class='ocrx_word' id='word_1_250' title='bbox 1927 757 2018 794; x_wconf 92' lang='lat' dir='ltr'>Dei·</span> <span class='ocrx_word' id='word_1_251' title='bbox 2055 758 2126 795; x_wconf 89' lang='lat' dir='ltr'>nisi</span> <span class='ocrx_word' id='word_1_252' title='bbox 2153 759 2248 795; x_wconf 85' lang='lat' dir='ltr'>forte</span> <span class='ocrx_word' id='word_1_253' title='bbox 2276 759 2314 795; x_wconf 89' lang='lat' dir='ltr'>in</span> <span class='ocrx_word' id='word_1_254' title='bbox 2343 770 2433 795; x_wconf 85' lang='lat' dir='ltr'>casu</span> <span class='ocrx_word' id='word_1_255' title='bbox 2460 759 2500 796; x_wconf 89' lang='lat' dir='ltr'>in</span> <span class='ocrx_word' id='word_1_256' title='bbox 2527 771 2604 807; x_wconf 91' lang='lat' dir='ltr'>quo</span> 
     </span>
     <span class='ocr_line' id='line_1_43' title="bbox 1546 809 2604 858; baseline 0.002 -12"><span class='ocrx_word' id='word_1_257' title='bbox 1546 809 1582 846; x_wconf 94' lang='lat' dir='ltr'>id</span> <span class='ocrx_word' id='word_1_258' title='bbox 1611 809 1716 858; x_wconf 92' lang='lat' dir='ltr'>quod</span> <span class='ocrx_word' id='word_1_259' title='bbox 1743 809 1853 846; x_wconf 86' lang='lat' dir='ltr'>vovit</span> <span class='ocrx_word' id='word_1_260' title='bbox 1889 817 1987 846; x_wconf 91' lang='lat' dir='ltr'>esset</span> <span class='ocrx_word' id='word_1_261' title='bbox 2024 810 2222 847; x_wconf 84' lang='lat' dir='ltr'>manifeste</span> <span class='ocrx_word' id='word_1_262' title='bbox 2249 811 2434 858; x_wconf 88' lang='lat' dir='ltr'>illicitum,</span> <span class='ocrx_word' id='word_1_263' title='bbox 2463 818 2500 848; x_wconf 93' lang='lat' dir='ltr'>et</span> <span class='ocrx_word' id='word_1_264' title='bbox 2526 823 2604 848; x_wconf 90' lang='lat' dir='ltr'>non</span> 
     </span>
     <span class='ocr_line' id='line_1_44' title="bbox 1545 857 2497 922; baseline 0.001 -23"><span class='ocrx_word' id='word_1_265' title='bbox 1545 870 1675 912; x_wconf 90' lang='lat' dir='ltr'>posset</span> <span class='ocrx_word' id='word_1_266' title='bbox 1702 857 1917 911; x_wconf 87' lang='lat' dir='ltr'>opportune</span> <span class='ocrx_word' id='word_1_267' title='bbox 1946 862 1994 899; x_wconf 91' lang='lat' dir='ltr'>ad</span> <span class='ocrx_word' id='word_1_268' title='bbox 2023 862 2259 922; x_wconf 82' lang='lat' dir='ltr'>superiorem</span> <span class='ocrx_word' id='word_1_269' title='bbox 2294 874 2497 901; x_wconf 87' lang='lat' dir='ltr'>recurrere.</span> 
     </span>
    </p>

    <p class='ocr_par' dir='ltr' id='par_1_21' title="bbox 1543 915 2606 1282">
     <span class='ocr_line' id='line_1_45' title="bbox 1598 915 2606 964; baseline 0.002 -12"><span class='ocrx_word' id='word_1_270' title='bbox 1598 917 1657 952; x_wconf 83' lang='lat' dir='ltr'>Au</span> <span class='ocrx_word' id='word_1_271' title='bbox 1679 927 1839 953; x_wconf 80' lang='lat' dir='ltr'>TERTmM</span> <span class='ocrx_word' id='word_1_272' title='bbox 1857 927 2042 953; x_wconf 78' lang='lat' dir='ltr'>mer-:NDUM</span> <span class='ocrx_word' id='word_1_273' title='bbox 2062 916 2167 964; x_wconf 92' lang='lat' dir='ltr'>quod</span> <span class='ocrx_word' id='word_1_274' title='bbox 2191 915 2280 964; x_wconf 89' lang='lat' dir='ltr'>quia</span> <span class='ocrx_word' id='word_1_275' title='bbox 2299 915 2481 954; x_wconf 91' lang='lat' dir='ltr'>Summus</span> <span class='ocrx_word' id='word_1_276' title='bbox 2504 915 2606 954; x_wconf 91' lang='lat' dir='ltr'>Pon-</span> 
     </span>
     <span class='ocr_line' id='line_1_46' title="bbox 1544 968 2605 1016; baseline 0.002 -12"><span class='ocrx_word' id='word_1_277' title='bbox 1544 968 1631 1004; x_wconf 86' lang='lat' dir='ltr'>tifex</span> <span class='ocrx_word' id='word_1_278' title='bbox 1659 968 1752 1015; x_wconf 90' lang='lat' dir='ltr'>gerit</span> <span class='ocrx_word' id='word_1_279' title='bbox 1779 968 1946 1016; x_wconf 88' lang='lat' dir='ltr'>plenarie</span> <span class='ocrx_word' id='word_1_280' title='bbox 1966 968 2092 1005; x_wconf 89' lang='lat' dir='ltr'>vicem</span> <span class='ocrx_word' id='word_1_281' title='bbox 2112 968 2278 1006; x_wconf 88' lang='lat' dir='ltr'>Christi</span> <span class='ocrx_word' id='word_1_282' title='bbox 2269 981 2308 1006; x_wconf 80' lang='lat' dir='ltr'>in</span> <span class='ocrx_word' id='word_1_283' title='bbox 2325 976 2404 1008; x_wconf 88' lang='lat' dir='ltr'>tota</span> <span class='ocrx_word' id='word_1_284' title='bbox 2421 968 2605 1016; x_wconf 85' lang='lat' dir='ltr'>Ecclesia,</span> 
     </span>
     <span class='ocr_line' id='line_1_47' title="bbox 1544 1021 2604 1070; baseline 0.001 -13"><span class='ocrx_word' id='word_1_285' title='bbox 1544 1021 1625 1069; x_wconf 91' lang='lat' dir='ltr'>ipse</span> <span class='ocrx_word' id='word_1_286' title='bbox 1643 1021 1759 1057; x_wconf 90' lang='lat' dir='ltr'>habet</span> <span class='ocrx_word' id='word_1_287' title='bbox 1777 1021 2052 1069; x_wconf 90' lang='lat' dir='ltr'>plenitudinem</span> <span class='ocrx_word' id='word_1_288' title='bbox 2081 1021 2276 1069; x_wconf 87' lang='lat' dir='ltr'>potestatis</span> <span class='ocrx_word' id='word_1_289' title='bbox 2295 1021 2538 1070; x_wconf 87' lang='lat' dir='ltr'>dispensandi</span> <span class='ocrx_word' id='word_1_290' title='bbox 2565 1021 2604 1058; x_wconf 90' lang='lat' dir='ltr'>in</span> 
     </span>
     <span class='ocr_line' id='line_1_48' title="bbox 1544 1073 2606 1123; baseline 0 -13"><span class='ocrx_word' id='word_1_291' title='bbox 1544 1074 1724 1110; x_wconf 90' lang='lat' dir='ltr'>omnibus</span> <span class='ocrx_word' id='word_1_292' title='bbox 1753 1074 2067 1123; x_wconf 88' lang='lat' dir='ltr'>dispensabilibus</span> <span class='ocrx_word' id='word_1_293' title='bbox 2095 1074 2206 1112; x_wconf 88' lang='lat' dir='ltr'>votis.</span> <span class='ocrx_word' id='word_1_294' title='bbox 2236 1073 2328 1111; x_wconf 91' lang='lat' dir='ltr'>Aliis</span> <span class='ocrx_word' id='word_1_295' title='bbox 2357 1081 2484 1111; x_wconf 87' lang='lat' dir='ltr'>autem</span> <span class='ocrx_word' id='word_1_296' title='bbox 2513 1073 2606 1111; x_wconf 84' lang='lat' dir='ltr'>infe-</span> 
     </span>
     <span class='ocr_line' id='line_1_49' title="bbox 1544 1125 2604 1176; baseline 0 -14"><span class='ocrx_word' id='word_1_297' title='bbox 1544 1125 1705 1163; x_wconf 88' lang='lat' dir='ltr'>rioribus</span> <span class='ocrx_word' id='word_1_298' title='bbox 1733 1127 1908 1175; x_wconf 85' lang='lat' dir='ltr'>praelatis</span> <span class='ocrx_word' id='word_1_299' title='bbox 1928 1126 2173 1164; x_wconf 85' lang='lat' dir='ltr'>committitur</span> <span class='ocrx_word' id='word_1_300' title='bbox 2193 1125 2422 1176; x_wconf 85' lang='lat' dir='ltr'>dispensatio</span> <span class='ocrx_word' id='word_1_301' title='bbox 2449 1126 2488 1164; x_wconf 88' lang='lat' dir='ltr'>in</span> <span class='ocrx_word' id='word_1_302' title='bbox 2505 1126 2604 1164; x_wconf 83' lang='lat' dir='ltr'>votis</span> 
     </span>
     <span class='ocr_line' id='line_1_50' title="bbox 1545 1178 2603 1230; baseline 0.002 -15"><span class='ocrx_word' id='word_1_303' title='bbox 1545 1191 1643 1228; x_wconf 89' lang='lat' dir='ltr'>quae</span> <span class='ocrx_word' id='word_1_304' title='bbox 1664 1180 1918 1217; x_wconf 89' lang='lat' dir='ltr'>communiter</span> <span class='ocrx_word' id='word_1_305' title='bbox 1944 1180 2041 1219; x_wconf 89' lang='lat' dir='ltr'>fiunt</span> <span class='ocrx_word' id='word_1_306' title='bbox 2069 1187 2106 1217; x_wconf 90' lang='lat' dir='ltr'>et</span> <span class='ocrx_word' id='word_1_307' title='bbox 2122 1180 2293 1229; x_wconf 86' lang='lat' dir='ltr'>indigent</span> <span class='ocrx_word' id='word_1_308' title='bbox 2318 1178 2507 1229; x_wconf 83' lang='lat' dir='ltr'>frequenti</span> <span class='ocrx_word' id='word_1_309' title='bbox 2531 1178 2603 1230; x_wconf 78' lang='lat' dir='ltr'>dis-</span> 
     </span>
     <span class='ocr_line' id='line_1_51' title="bbox 1543 1230 2603 1282; baseline 0.002 -14"><span class='ocrx_word' id='word_1_310' title='bbox 1543 1230 1778 1279; x_wconf 87' lang='lat' dir='ltr'>pensatione,</span> <span class='ocrx_word' id='word_1_311' title='bbox 1803 1240 1845 1269; x_wconf 91' lang='lat' dir='ltr'>ut</span> <span class='ocrx_word' id='word_1_312' title='bbox 1862 1233 2029 1270; x_wconf 88' lang='lat' dir='ltr'>habeant</span> <span class='ocrx_word' id='word_1_313' title='bbox 2052 1233 2101 1270; x_wconf 91' lang='lat' dir='ltr'>de</span> <span class='ocrx_word' id='word_1_314' title='bbox 2118 1233 2215 1270; x_wconf 87' lang='lat' dir='ltr'>facili</span> <span class='ocrx_word' id='word_1_315' title='bbox 2233 1233 2408 1270; x_wconf 89' lang='lat' dir='ltr'>homines</span> <span class='ocrx_word' id='word_1_316' title='bbox 2422 1232 2472 1270; x_wconf 87' lang='lat' dir='ltr'>ad</span> <span class='ocrx_word' id='word_1_317' title='bbox 2485 1244 2603 1282; x_wconf 82' lang='lat' dir='ltr'>quern</span> 
     </span>
    </p>
   </div>
   <div class='ocr_carea' id='block_1_19' title="bbox 1543 1284 2642 1334">
    <p class='ocr_par' dir='ltr' id='par_1_22' title="bbox 1543 1284 2642 1334">
     <span class='ocr_line' id='line_1_52' title="bbox 1543 1284 2642 1334; baseline 0.002 -14"><span class='ocrx_word' id='word_1_318' title='bbox 1543 1291 1753 1320; x_wconf 87' lang='lat' dir='ltr'>recurrant:</span> <span class='ocrx_word' id='word_1_319' title='bbox 1791 1284 1888 1321; x_wconf 89' lang='lat' dir='ltr'>sicut</span> <span class='ocrx_word' id='word_1_320' title='bbox 1918 1292 2006 1322; x_wconf 86' lang='lat' dir='ltr'>sunt</span> <span class='ocrx_word' id='word_1_321' title='bbox 2030 1292 2123 1322; x_wconf 85' lang='lat' dir='ltr'>vota</span> <span class='ocrx_word' id='word_1_322' title='bbox 2154 1285 2502 1334; x_wconf 78' lang='lat' dir='ltr'>peregrinationum</span> <span class='ocrx_word' id='word_1_323' title='bbox 2519 1285 2545 1308; x_wconf 48' lang='lat'>*¹</span> <span class='ocrx_word' id='word_1_324' title='bbox 2566 1291 2605 1322; x_wconf 74' lang='lat' dir='ltr'>ot</span> <span class='ocrx_word' id='word_1_325' title='bbox 2633 1296 2642 1306; x_wconf 85' lang='grc'><em>·</em></span> 
     </span>
    </p>
   </div>
   <div class='ocr_carea' id='block_1_20' title="bbox 1543 1336 2604 1447">
    <p class='ocr_par' dir='ltr' id='par_1_23' title="bbox 1543 1336 2604 1440">
     <span class='ocr_line' id='line_1_53' title="bbox 1543 1336 2604 1376; baseline 0.001 -3"><span class='ocrx_word' id='word_1_326' title='bbox 1543 1336 1771 1373; x_wconf 91' lang='lat' dir='ltr'>ieiuniorum</span> <span class='ocrx_word' id='word_1_327' title='bbox 1793 1345 1829 1374; x_wconf 91' lang='lat' dir='ltr'>et</span> <span class='ocrx_word' id='word_1_328' title='bbox 1847 1337 2008 1374; x_wconf 91' lang='lat' dir='ltr'>aliorum</span> <span class='ocrx_word' id='word_1_329' title='bbox 2027 1337 2259 1374; x_wconf 90' lang='lat' dir='ltr'>huiusmodi.</span> <span class='ocrx_word' id='word_1_330' title='bbox 2290 1338 2390 1376; x_wconf 78' lang='lat' dir='ltr'>Vota</span> <span class='ocrx_word' id='word_1_331' title='bbox 2405 1349 2503 1375; x_wconf 84' lang='lat' dir='ltr'>vero</span> <span class='ocrx_word' id='word_1_332' title='bbox 2516 1349 2604 1374; x_wconf 64' lang='lat' dir='ltr'>ma⁴</span> 
     </span>
     <span class='ocr_line' id='line_1_54' title="bbox 1543 1389 2603 1447; baseline 0.001 -21"><span class='ocrx_word' id='word_1_333' title='bbox 1543 1389 1634 1438; x_wconf 90' lang='lat' dir='ltr'>iora,</span> <span class='ocrx_word' id='word_1_334' title='bbox 1662 1397 1756 1438; x_wconf 92' lang='lat' dir='ltr'>puta</span> <span class='ocrx_word' id='word_1_335' title='bbox 1784 1389 2046 1427; x_wconf 89' lang='lat' dir='ltr'>continentiae</span> <span class='ocrx_word' id='word_1_336' title='bbox 2066 1397 2102 1427; x_wconf 92' lang='lat' dir='ltr'>et</span> <span class='ocrx_word' id='word_1_337' title='bbox 2128 1390 2438 1440; x_wconf 88' lang='lat' dir='ltr'>peregrinationis</span> <span class='ocrx_word' id='word_1_338' title='bbox 2460 1390 2603 1447; x_wconf 82' lang='lat' dir='ltr'>Terrae</span> 
     </span>
    </p>
   </div>
   <div class='ocr_carea' id='block_1_21' title="bbox 1514 1442 2437 1489">
    <p class='ocr_par' dir='ltr' id='par_1_24' title="bbox 1514 1442 2437 1489">
     <span class='ocr_line' id='line_1_55' title="bbox 1514 1442 2437 1489; baseline 0.001 -10"><span class='ocrx_word' id='word_1_339' title='bbox 1514 1470 1516 1489; x_wconf 28' lang='grc' dir='ltr'><em>Σ</em></span> <span class='ocrx_word' id='word_1_340' title='bbox 1544 1443 1705 1479; x_wconf 87' lang='lat' dir='ltr'>Sanctae</span> <span class='ocrx_word' id='word_1_341' title='bbox 1727 1444 1758 1489; x_wconf 83' lang='lat'>*,</span> <span class='ocrx_word' id='word_1_342' title='bbox 1789 1450 2030 1480; x_wconf 88' lang='lat' dir='ltr'>reservantur</span> <span class='ocrx_word' id='word_1_343' title='bbox 2058 1443 2221 1480; x_wconf 89' lang='lat' dir='ltr'>Summo</span> <span class='ocrx_word' id='word_1_344' title='bbox 2249 1442 2437 1481; x_wconf 89' lang='lat' dir='ltr'>Pontifici.</span> 
     </span>
    </p>
   </div>
   <div class='ocr_carea' id='block_1_22' title="bbox 1100 1652 1932 1686">
    <p class='ocr_par' dir='ltr' id='par_1_25' title="bbox 1100 1652 1932 1686">
     <span class='ocr_line' id='line_1_56' title="bbox 1100 1652 1932 1686; baseline 0.001 -1"><span class='ocrx_word' id='word_1_345' title='bbox 1100 1652 1435 1685; x_wconf 77' lang='lat' dir='ltr'>Commentaria</span> <span class='ocrx_word' id='word_1_346' title='bbox 1457 1652 1708 1685; x_wconf 72' lang='lat' dir='ltr'>cardinalis</span> <span class='ocrx_word' id='word_1_347' title='bbox 1729 1652 1932 1686; x_wconf 72' lang='lat' dir='ltr'>Caret-,ani</span> 
     </span>
    </p>
   </div>
   <div class='ocr_carea' id='block_1_23' title="bbox 414 1731 1489 3530">
    <p class='ocr_par' dir='ltr' id='par_1_26' title="bbox 414 1731 1489 2213">
     <span class='ocr_line' id='line_1_57' title="bbox 455 1731 1488 1772; baseline -0.002 -9"><span class='ocrx_word' id='word_1_348' title='bbox 455 1743 475 1763; x_wconf 83' lang='lat' dir='ltr'>N</span> <span class='ocrx_word' id='word_1_349' title='bbox 491 1732 621 1762; x_wconf 87' lang='lat' dir='ltr'>articulo</span> <span class='ocrx_word' id='word_1_350' title='bbox 645 1732 836 1762; x_wconf 90' lang='lat' dir='ltr'>duodecimo</span> <span class='ocrx_word' id='word_1_351' title='bbox 860 1731 1002 1762; x_wconf 91' lang='lat' dir='ltr'>eiusdem</span> <span class='ocrx_word' id='word_1_352' title='bbox 1028 1731 1371 1771; x_wconf 86' lang='lat' dir='ltr'>octogesimaeoctavae</span> <span class='ocrx_word' id='word_1_353' title='bbox 1391 1741 1488 1772; x_wconf 86' lang='lat' dir='ltr'>quae-</span> 
     </span>
     <span class='ocr_line' id='line_1_58' title="bbox 428 1745 1488 1815; baseline 0 -10"><span class='ocrx_word' id='word_1_354' title='bbox 428 1745 566 1807; x_wconf 86' lang='lat' dir='ltr'>Istionis</span> <span class='ocrx_word' id='word_1_355' title='bbox 590 1776 724 1806; x_wconf 92' lang='lat' dir='ltr'>dubium</span> <span class='ocrx_word' id='word_1_356' title='bbox 748 1776 893 1811; x_wconf 89' lang='lat' dir='ltr'>occurrit,</span> <span class='ocrx_word' id='word_1_357' title='bbox 910 1785 950 1805; x_wconf 91' lang='lat' dir='ltr'>an</span> <span class='ocrx_word' id='word_1_358' title='bbox 973 1782 1086 1805; x_wconf 90' lang='lat' dir='ltr'>votum</span> <span class='ocrx_word' id='word_1_359' title='bbox 1109 1775 1210 1815; x_wconf 90' lang='lat' dir='ltr'>possit</span> <span class='ocrx_word' id='word_1_360' title='bbox 1232 1775 1264 1805; x_wconf 89' lang='lat' dir='ltr'>in</span> <span class='ocrx_word' id='word_1_361' title='bbox 1288 1775 1402 1806; x_wconf 85' lang='lat' dir='ltr'>melius</span> <span class='ocrx_word' id='word_1_362' title='bbox 1426 1775 1488 1805; x_wconf 91' lang='lat' dir='ltr'>evi-</span> 
     </span>
     <span class='ocr_line' id='line_1_59' title="bbox 424 1819 1488 1860; baseline -0.002 -9"><span class='ocrx_word' id='word_1_363' title='bbox 424 1821 533 1851; x_wconf 87' lang='lat' dir='ltr'>denter</span> <span class='ocrx_word' id='word_1_364' title='bbox 556 1820 746 1850; x_wconf 80' lang='lat' dir='ltr'>commutari</span> <span class='ocrx_word' id='word_1_365' title='bbox 770 1820 808 1850; x_wconf 92' lang='lat' dir='ltr'>ab</span> <span class='ocrx_word' id='word_1_366' title='bbox 828 1819 898 1859; x_wconf 86' lang='lat' dir='ltr'>ipso</span> <span class='ocrx_word' id='word_1_367' title='bbox 921 1826 1065 1855; x_wconf 87' lang='lat' dir='ltr'>vovente,</span> <span class='ocrx_word' id='word_1_368' title='bbox 1086 1820 1205 1860; x_wconf 89' lang='lat' dir='ltr'>absque</span> <span class='ocrx_word' id='word_1_369' title='bbox 1229 1819 1357 1859; x_wconf 88' lang='lat' dir='ltr'>praelati</span> <span class='ocrx_word' id='word_1_370' title='bbox 1380 1826 1488 1850; x_wconf 87' lang='lat' dir='ltr'>aucto-</span> 
     </span>
     <span class='ocr_line' id='line_1_60' title="bbox 423 1863 1487 1903; baseline -0.002 -8"><span class='ocrx_word' id='word_1_371' title='bbox 423 1865 521 1895; x_wconf 87' lang='lat' dir='ltr'>ritate.</span> <span class='ocrx_word' id='word_1_372' title='bbox 547 1864 587 1894; x_wconf 88' lang='lat' dir='ltr'>Et</span> <span class='ocrx_word' id='word_1_373' title='bbox 610 1871 656 1894; x_wconf 91' lang='lat' dir='ltr'>est</span> <span class='ocrx_word' id='word_1_374' title='bbox 679 1864 757 1894; x_wconf 88' lang='lat' dir='ltr'>ratio</span> <span class='ocrx_word' id='word_1_375' title='bbox 781 1863 869 1894; x_wconf 91' lang='lat' dir='ltr'>dubii</span> <span class='ocrx_word' id='word_1_376' title='bbox 898 1863 1058 1894; x_wconf 88' lang='lat' dir='ltr'>diversitas</span> <span class='ocrx_word' id='word_1_377' title='bbox 1091 1863 1283 1903; x_wconf 90' lang='lat' dir='ltr'>opinionum</span> <span class='ocrx_word' id='word_1_378' title='bbox 1307 1870 1337 1894; x_wconf 92' lang='lat' dir='ltr'>et</span> <span class='ocrx_word' id='word_1_379' title='bbox 1359 1863 1487 1894; x_wconf 88' lang='lat' dir='ltr'>iurium.</span> 
     </span>
     <span class='ocr_line' id='line_1_61' title="bbox 422 1906 1488 1949; baseline -0.002 -10"><span class='ocrx_word' id='word_1_380' title='bbox 422 1909 506 1939; x_wconf 91' lang='lat' dir='ltr'>Nam</span> <span class='ocrx_word' id='word_1_381' title='bbox 530 1908 661 1949; x_wconf 89' lang='lat' dir='ltr'>quidam</span> <span class='ocrx_word' id='word_1_382' title='bbox 676 1915 784 1938; x_wconf 88' lang='lat' dir='ltr'>tenent</span> <span class='ocrx_word' id='word_1_383' title='bbox 807 1914 928 1947; x_wconf 85' lang='lat' dir='ltr'>partem</span> <span class='ocrx_word' id='word_1_384' title='bbox 952 1906 1187 1937; x_wconf 85' lang='lat' dir='ltr'>affirmativam:</span> <span class='ocrx_word' id='word_1_385' title='bbox 1213 1907 1266 1937; x_wconf 85' lang='lat' dir='ltr'>alii</span> <span class='ocrx_word' id='word_1_386' title='bbox 1289 1913 1396 1938; x_wconf 90' lang='lat' dir='ltr'>tenent</span> <span class='ocrx_word' id='word_1_387' title='bbox 1419 1917 1488 1947; x_wconf 90' lang='lat' dir='ltr'>par-</span> 
     </span>
     <span class='ocr_line' id='line_1_62' title="bbox 422 1951 1488 1992; baseline 0 -10"><span class='ocrx_word' id='word_1_388' title='bbox 422 1959 487 1983; x_wconf 87' lang='lat' dir='ltr'>tem</span> <span class='ocrx_word' id='word_1_389' title='bbox 515 1952 702 1991; x_wconf 87' lang='lat' dir='ltr'>negativam.</span> <span class='ocrx_word' id='word_1_390' title='bbox 738 1952 785 1981; x_wconf 87' lang='lat' dir='ltr'>Ex</span> <span class='ocrx_word' id='word_1_391' title='bbox 809 1961 875 1990; x_wconf 89' lang='lat' dir='ltr'>cap.</span> <span class='ocrx_word' id='word_1_392' title='bbox 903 1961 1033 1992; x_wconf 90' lang='lat' dir='ltr'>quoque</span> <span class='ocrx_word' id='word_1_393' title='bbox 1060 1951 1208 1982; x_wconf 79' lang='lat' dir='ltr'>Pervenit</span> <span class='ocrx_word' id='word_1_394' title='bbox 1241 1951 1400 1987; x_wconf 88' lang='lat' dir='ltr'>secundo,</span> <span class='ocrx_word' id='word_1_395' title='bbox 1427 1951 1488 1982; x_wconf 88' lang='lat' dir='ltr'>Ex—</span> 
     </span>
     <span class='ocr_line' id='line_1_63' title="bbox 423 1994 1489 2036; baseline -0.001 -9"><span class='ocrx_word' id='word_1_396' title='bbox 423 2003 478 2032; x_wconf 82' lang='lat' dir='ltr'>tra,</span> <span class='ocrx_word' id='word_1_397' title='bbox 493 1996 533 2027; x_wconf 85' lang='lat' dir='ltr'>de</span> <span class='ocrx_word' id='word_1_398' title='bbox 554 1996 783 2033; x_wconf 87' lang='lat' dir='ltr'>Iureiurando,</span> <span class='ocrx_word' id='word_1_399' title='bbox 801 1995 935 2026; x_wconf 87' lang='lat' dir='ltr'>habetur</span> <span class='ocrx_word' id='word_1_400' title='bbox 957 2005 1029 2036; x_wconf 90' lang='lat' dir='ltr'>pars</span> <span class='ocrx_word' id='word_1_401' title='bbox 1052 1994 1247 2031; x_wconf 86' lang='lat' dir='ltr'>affirmativa,</span> <span class='ocrx_word' id='word_1_402' title='bbox 1273 1996 1352 2026; x_wconf 89' lang='lat' dir='ltr'>dum</span> <span class='ocrx_word' id='word_1_403' title='bbox 1375 1995 1489 2026; x_wconf 85' lang='lat' dir='ltr'>dicitur</span> 
     </span>
     <span class='ocr_line' id='line_1_64' title="bbox 422 2039 1488 2081; baseline 0.001 -11"><span class='ocrx_word' id='word_1_404' title='bbox 422 2041 511 2081; x_wconf 92' lang='lat' dir='ltr'>quod</span> <span class='ocrx_word' id='word_1_405' title='bbox 534 2050 596 2070; x_wconf 90' lang='lat' dir='ltr'>non</span> <span class='ocrx_word' id='word_1_406' title='bbox 614 2039 766 2080; x_wconf 85' lang='lat' dir='ltr'>infringit</span> <span class='ocrx_word' id='word_1_407' title='bbox 784 2040 986 2080; x_wconf 83' lang='lat' dir='ltr'>propositum</span> <span class='ocrx_word' id='word_1_408' title='bbox 1003 2044 1060 2070; x_wconf 84' lang='lat' dir='ltr'>aut</span> <span class='ocrx_word' id='word_1_409' title='bbox 1078 2040 1276 2079; x_wconf 81' lang='lat' dir='ltr'>promissum</span> <span class='ocrx_word' id='word_1_410' title='bbox 1295 2041 1352 2080; x_wconf 84' lang='lat' dir='ltr'>qui</span> <span class='ocrx_word' id='word_1_411' title='bbox 1368 2040 1401 2070; x_wconf 86' lang='lat' dir='ltr'>in</span> <span class='ocrx_word' id='word_1_412' title='bbox 1424 2049 1488 2071; x_wconf 88' lang='lat' dir='ltr'>me—</span> 
     </span>
     <span class='ocr_line' id='line_1_65' title="bbox 422 2082 1488 2124; baseline -0.001 -9"><span class='ocrx_word' id='word_1_413' title='bbox 422 2086 485 2115; x_wconf 83' lang='lat' dir='ltr'>lius</span> <span class='ocrx_word' id='word_1_414' title='bbox 508 2084 590 2115; x_wconf 86' lang='lat' dir='ltr'>illud</span> <span class='ocrx_word' id='word_1_415' title='bbox 605 2089 778 2115; x_wconf 90' lang='lat' dir='ltr'>commutat</span> <span class='ocrx_word' id='word_1_416' title='bbox 787 2091 800 2121; x_wconf 90' lang='lat'><em>;</em></span> <span class='ocrx_word' id='word_1_417' title='bbox 823 2090 853 2114; x_wconf 92' lang='lat' dir='ltr'>et</span> <span class='ocrx_word' id='word_1_418' title='bbox 868 2083 954 2113; x_wconf 91' lang='lat' dir='ltr'>idem</span> <span class='ocrx_word' id='word_1_419' title='bbox 977 2082 1156 2114; x_wconf 91' lang='lat' dir='ltr'>confirmari</span> <span class='ocrx_word' id='word_1_420' title='bbox 1173 2083 1297 2114; x_wconf 90' lang='lat' dir='ltr'>videtur</span> <span class='ocrx_word' id='word_1_421' title='bbox 1313 2093 1381 2124; x_wconf 89' lang='lat' dir='ltr'>cap.</span> <span class='ocrx_word' id='word_1_422' title='bbox 1400 2083 1488 2114; x_wconf 86' lang='lat' dir='ltr'>Scri-</span> 
     </span>
     <span class='ocr_line' id='line_1_66' title="bbox 414 2127 1487 2178; baseline 0 -19"><span class='ocrx_word' id='word_1_423' title='bbox 414 2134 556 2169; x_wconf 83' lang='lat' dir='ltr'>pturae,</span> <span class='ocrx_word' id='word_1_424' title='bbox 580 2128 684 2164; x_wconf 85' lang='lat' dir='ltr'>Extra,</span> <span class='ocrx_word' id='word_1_425' title='bbox 712 2128 752 2158; x_wconf 83' lang='lat' dir='ltr'>de</span> <span class='ocrx_word' id='word_1_426' title='bbox 772 2127 869 2178; x_wconf 61' lang='lat' dir='ltr'>Jsot0;</span> <span class='ocrx_word' id='word_1_427' title='bbox 899 2134 929 2158; x_wconf 90' lang='lat' dir='ltr'>et</span> <span class='ocrx_word' id='word_1_428' title='bbox 952 2137 1019 2168; x_wconf 88' lang='lat' dir='ltr'>cap.</span> <span class='ocrx_word' id='word_1_429' title='bbox 1043 2128 1149 2165; x_wconf 87' lang='lat' dir='ltr'>Licet,</span> <span class='ocrx_word' id='word_1_430' title='bbox 1171 2128 1284 2164; x_wconf 85' lang='lat' dir='ltr'>Extra,</span> <span class='ocrx_word' id='word_1_431' title='bbox 1307 2127 1347 2158; x_wconf 86' lang='lat' dir='ltr'>de</span> <span class='ocrx_word' id='word_1_432' title='bbox 1368 2127 1487 2169; x_wconf 87' lang='lat' dir='ltr'>Regul.</span> 
     </span>
     <span class='ocr_line' id='line_1_67' title="bbox 422 2171 1379 2213; baseline 0 -11"><span class='ocrx_word' id='word_1_433' title='bbox 422 2172 619 2213; x_wconf 88' lang='lat' dir='ltr'>Oppositum</span> <span class='ocrx_word' id='word_1_434' title='bbox 642 2178 748 2202; x_wconf 86' lang='lat' dir='ltr'>autem</span> <span class='ocrx_word' id='word_1_435' title='bbox 772 2172 805 2202; x_wconf 91' lang='lat' dir='ltr'>in</span> <span class='ocrx_word' id='word_1_436' title='bbox 829 2181 896 2212; x_wconf 91' lang='lat' dir='ltr'>cap.</span> <span class='ocrx_word' id='word_1_437' title='bbox 913 2182 933 2208; x_wconf 92' lang='lat'>1,</span> <span class='ocrx_word' id='word_1_438' title='bbox 951 2172 1056 2210; x_wconf 87' lang='lat' dir='ltr'>Extra,</span> <span class='ocrx_word' id='word_1_439' title='bbox 1072 2171 1112 2202; x_wconf 87' lang='lat' dir='ltr'>de</span> <span class='ocrx_word' id='word_1_440' title='bbox 1134 2171 1220 2210; x_wconf 77' lang='lat' dir='ltr'>Vota,</span> <span class='ocrx_word' id='word_1_441' title='bbox 1237 2172 1379 2203; x_wconf 88' lang='lat' dir='ltr'>habetur.</span> 
     </span>
    </p>

    <p class='ocr_par' dir='ltr' id='par_1_27' title="bbox 421 2215 1488 3358">
     <span class='ocr_line' id='line_1_68' title="bbox 477 2215 1487 2257; baseline -0.001 -10"><span class='ocrx_word' id='word_1_442' title='bbox 477 2217 527 2247; x_wconf 88' lang='lat' dir='ltr'>Ad</span> <span class='ocrx_word' id='word_1_443' title='bbox 550 2216 645 2247; x_wconf 90' lang='lat' dir='ltr'>huius</span> <span class='ocrx_word' id='word_1_444' title='bbox 669 2216 878 2250; x_wconf 85' lang='lat' dir='ltr'>evidentiam.</span> <span class='ocrx_word' id='word_1_445' title='bbox 903 2215 1068 2246; x_wconf 88' lang='lat' dir='ltr'>sciendum</span> <span class='ocrx_word' id='word_1_446' title='bbox 1092 2223 1138 2246; x_wconf 90' lang='lat' dir='ltr'>est</span> <span class='ocrx_word' id='word_1_447' title='bbox 1161 2216 1250 2256; x_wconf 90' lang='lat' dir='ltr'>quod</span> <span class='ocrx_word' id='word_1_448' title='bbox 1281 2216 1487 2257; x_wconf 86' lang='lat' dir='ltr'>quemadmo-</span> 
     </span>
     <span class='ocr_line' id='line_1_69' title="bbox 422 2259 1488 2310; baseline 0 -19"><span class='ocrx_word' id='word_1_449' title='bbox 422 2261 501 2291; x_wconf 89' lang='lat' dir='ltr'>dum</span> <span class='ocrx_word' id='word_1_450' title='bbox 524 2260 693 2301; x_wconf 89' lang='lat' dir='ltr'>promissio</span> <span class='ocrx_word' id='word_1_451' title='bbox 709 2270 791 2301; x_wconf 89' lang='lat' dir='ltr'>quae</span> <span class='ocrx_word' id='word_1_452' title='bbox 814 2259 849 2290; x_wconf 90' lang='lat' dir='ltr'>fit</span> <span class='ocrx_word' id='word_1_453' title='bbox 863 2259 999 2310; x_wconf 77' lang='lat' dir='ltr'>homini,</span> <span class='ocrx_word' id='word_1_454' title='bbox 1016 2259 1051 2290; x_wconf 89' lang='lat' dir='ltr'>fit</span> <span class='ocrx_word' id='word_1_455' title='bbox 1071 2266 1107 2290; x_wconf 87' lang='lat' dir='ltr'>ut</span> <span class='ocrx_word' id='word_1_456' title='bbox 1121 2260 1167 2290; x_wconf 90' lang='lat' dir='ltr'>illi</span> <span class='ocrx_word' id='word_1_457' title='bbox 1181 2270 1250 2290; x_wconf 89' lang='lat' dir='ltr'>rem</span> <span class='ocrx_word' id='word_1_458' title='bbox 1265 2267 1387 2300; x_wconf 82' lang='lat' dir='ltr'>gratam</span> <span class='ocrx_word' id='word_1_459' title='bbox 1403 2260 1488 2291; x_wconf 85' lang='lat' dir='ltr'>exhi-</span> 
     </span>
     <span class='ocr_line' id='line_1_70' title="bbox 421 2304 1487 2345; baseline 0 -10"><span class='ocrx_word' id='word_1_460' title='bbox 421 2306 563 2341; x_wconf 88' lang='lat' dir='ltr'>beamus,</span> <span class='ocrx_word' id='word_1_461' title='bbox 581 2311 611 2335; x_wconf 88' lang='lat' dir='ltr'>et</span> <span class='ocrx_word' id='word_1_462' title='bbox 633 2311 799 2345; x_wconf 88' lang='lat' dir='ltr'>propterea</span> <span class='ocrx_word' id='word_1_463' title='bbox 822 2314 859 2335; x_wconf 90' lang='lat' dir='ltr'>ex</span> <span class='ocrx_word' id='word_1_464' title='bbox 881 2304 949 2334; x_wconf 90' lang='lat' dir='ltr'>eius</span> <span class='ocrx_word' id='word_1_465' title='bbox 973 2304 1129 2344; x_wconf 90' lang='lat' dir='ltr'>dependet</span> <span class='ocrx_word' id='word_1_466' title='bbox 1151 2304 1250 2344; x_wconf 87' lang='lat' dir='ltr'>gratia</span> <span class='ocrx_word' id='word_1_467' title='bbox 1277 2304 1487 2336; x_wconf 80' lang='lat' dir='ltr'>commutatio</span> 
     </span>
     <span class='ocr_line' id='line_1_71' title="bbox 421 2348 1488 2390; baseline 0.001 -11"><span class='ocrx_word' id='word_1_468' title='bbox 421 2349 586 2390; x_wconf 89' lang='lat' dir='ltr'>promissi;</span> <span class='ocrx_word' id='word_1_469' title='bbox 611 2358 669 2379; x_wconf 89' lang='lat' dir='ltr'>nec</span> <span class='ocrx_word' id='word_1_470' title='bbox 692 2355 738 2380; x_wconf 89' lang='lat' dir='ltr'>est</span> <span class='ocrx_word' id='word_1_471' title='bbox 762 2348 898 2379; x_wconf 90' lang='lat' dir='ltr'>dubium</span> <span class='ocrx_word' id='word_1_472' title='bbox 920 2348 1018 2389; x_wconf 90' lang='lat' dir='ltr'>quod,</span> <span class='ocrx_word' id='word_1_473' title='bbox 1036 2348 1062 2378; x_wconf 89' lang='lat' dir='ltr'>si</span> <span class='ocrx_word' id='word_1_474' title='bbox 1086 2355 1209 2380; x_wconf 88' lang='lat' dir='ltr'>constat</span> <span class='ocrx_word' id='word_1_475' title='bbox 1226 2349 1344 2388; x_wconf 84' lang='lat' dir='ltr'>gratius</span> <span class='ocrx_word' id='word_1_476' title='bbox 1367 2349 1436 2380; x_wconf 86' lang='lat' dir='ltr'>fore</span> <span class='ocrx_word' id='word_1_477' title='bbox 1459 2348 1488 2380; x_wconf 89' lang='lat' dir='ltr'>ei</span> 
     </span>
     <span class='ocr_line' id='line_1_72' title="bbox 423 2392 1487 2434; baseline 0.001 -11"><span class='ocrx_word' id='word_1_478' title='bbox 423 2393 474 2424; x_wconf 90' lang='lat' dir='ltr'>cui</span> <span class='ocrx_word' id='word_1_479' title='bbox 497 2393 692 2434; x_wconf 89' lang='lat' dir='ltr'>promissum</span> <span class='ocrx_word' id='word_1_480' title='bbox 716 2400 771 2428; x_wconf 90' lang='lat' dir='ltr'>est,</span> <span class='ocrx_word' id='word_1_481' title='bbox 789 2392 909 2433; x_wconf 86' lang='lat' dir='ltr'>aliquid</span> <span class='ocrx_word' id='word_1_482' title='bbox 926 2392 1013 2423; x_wconf 89' lang='lat' dir='ltr'>aliud</span> <span class='ocrx_word' id='word_1_483' title='bbox 1035 2392 1108 2423; x_wconf 91' lang='lat' dir='ltr'>loco</span> <span class='ocrx_word' id='word_1_484' title='bbox 1133 2393 1290 2433; x_wconf 90' lang='lat' dir='ltr'>promissi,</span> <span class='ocrx_word' id='word_1_485' title='bbox 1307 2400 1384 2434; x_wconf 89' lang='lat' dir='ltr'>puta</span> <span class='ocrx_word' id='word_1_486' title='bbox 1406 2393 1487 2424; x_wconf 88' lang='lat' dir='ltr'>vitu-</span> 
     </span>
     <span class='ocr_line' id='line_1_73' title="bbox 421 2435 1487 2478; baseline -0.001 -10"><span class='ocrx_word' id='word_1_487' title='bbox 421 2438 471 2468; x_wconf 89' lang='lat' dir='ltr'>lus</span> <span class='ocrx_word' id='word_1_488' title='bbox 495 2447 592 2478; x_wconf 87' lang='lat' dir='ltr'>quam</span> <span class='ocrx_word' id='word_1_489' title='bbox 615 2437 703 2473; x_wconf 84' lang='lat' dir='ltr'>aries,</span> <span class='ocrx_word' id='word_1_490' title='bbox 721 2447 786 2467; x_wconf 91' lang='lat' dir='ltr'>non</span> <span class='ocrx_word' id='word_1_491' title='bbox 803 2443 849 2467; x_wconf 91' lang='lat' dir='ltr'>est</span> <span class='ocrx_word' id='word_1_492' title='bbox 871 2446 943 2467; x_wconf 90' lang='lat' dir='ltr'>reus</span> <span class='ocrx_word' id='word_1_493' title='bbox 966 2436 1101 2467; x_wconf 78' lang='lat' dir='ltr'>violatae</span> <span class='ocrx_word' id='word_1_494' title='bbox 1116 2435 1189 2467; x_wconf 91' lang='lat' dir='ltr'>fidei</span> <span class='ocrx_word' id='word_1_495' title='bbox 1213 2437 1266 2467; x_wconf 91' lang='lat' dir='ltr'>ille</span> <span class='ocrx_word' id='word_1_496' title='bbox 1288 2437 1344 2478; x_wconf 88' lang='lat' dir='ltr'>qui</span> <span class='ocrx_word' id='word_1_497' title='bbox 1367 2437 1487 2478; x_wconf 88' lang='lat' dir='ltr'>prorni-</span> 
     </span>
     <span class='ocr_line' id='line_1_74' title="bbox 422 2479 1488 2523; baseline 0 -12"><span class='ocrx_word' id='word_1_498' title='bbox 422 2481 462 2512; x_wconf 89' lang='lat' dir='ltr'>sit</span> <span class='ocrx_word' id='word_1_499' title='bbox 491 2481 620 2512; x_wconf 87' lang='lat' dir='ltr'>arietem</span> <span class='ocrx_word' id='word_1_500' title='bbox 652 2481 677 2511; x_wconf 92' lang='lat' dir='ltr'>si</span> <span class='ocrx_word' id='word_1_501' title='bbox 708 2481 832 2511; x_wconf 85' lang='lat' dir='ltr'>exhibet</span> <span class='ocrx_word' id='word_1_502' title='bbox 862 2481 999 2511; x_wconf 89' lang='lat' dir='ltr'>vitulum</span> <span class='ocrx_word' id='word_1_503' title='bbox 1023 2479 1128 2523; x_wconf 90' lang='lat' dir='ltr'>(cuius</span> <span class='ocrx_word' id='word_1_504' title='bbox 1158 2481 1253 2511; x_wconf 89' lang='lat' dir='ltr'>etiam</span> <span class='ocrx_word' id='word_1_505' title='bbox 1283 2481 1410 2521; x_wconf 83' lang='lat' dir='ltr'>signum</span> <span class='ocrx_word' id='word_1_506' title='bbox 1442 2488 1488 2512; x_wconf 90' lang='lat' dir='ltr'>est</span> 
     </span>
     <span class='ocr_line' id='line_1_75' title="bbox 423 2525 1487 2566; baseline 0 -10"><span class='ocrx_word' id='word_1_507' title='bbox 423 2526 522 2566; x_wconf 85' lang='lat' dir='ltr'>quod,</span> <span class='ocrx_word' id='word_1_508' title='bbox 537 2525 717 2565; x_wconf 81' lang='lat' dir='ltr'>recipiendo</span> <span class='ocrx_word' id='word_1_509' title='bbox 733 2525 880 2561; x_wconf 87' lang='lat' dir='ltr'>vitulum,</span> <span class='ocrx_word' id='word_1_510' title='bbox 898 2525 1033 2556; x_wconf 89' lang='lat' dir='ltr'>maiores</span> <span class='ocrx_word' id='word_1_511' title='bbox 1050 2525 1163 2565; x_wconf 86' lang='lat' dir='ltr'>gratias</span> <span class='ocrx_word' id='word_1_512' title='bbox 1186 2525 1250 2565; x_wconf 88' lang='lat' dir='ltr'>agit</span> <span class='ocrx_word' id='word_1_513' title='bbox 1271 2525 1324 2556; x_wconf 91' lang='lat' dir='ltr'>ille</span> <span class='ocrx_word' id='word_1_514' title='bbox 1339 2525 1390 2556; x_wconf 90' lang='lat' dir='ltr'>cui</span> <span class='ocrx_word' id='word_1_515' title='bbox 1413 2535 1487 2565; x_wconf 91' lang='lat' dir='ltr'>pro-</span> 
     </span>
     <span class='ocr_line' id='line_1_76' title="bbox 423 2567 1488 2612; baseline 0 -12"><span class='ocrx_word' id='word_1_516' title='bbox 423 2569 538 2600; x_wconf 88' lang='lat' dir='ltr'>missus</span> <span class='ocrx_word' id='word_1_517' title='bbox 562 2576 627 2600; x_wconf 91' lang='lat' dir='ltr'>erat</span> <span class='ocrx_word' id='word_1_518' title='bbox 649 2567 757 2612; x_wconf 89' lang='lat' dir='ltr'>aries);</span> <span class='ocrx_word' id='word_1_519' title='bbox 782 2569 807 2599; x_wconf 94' lang='lat' dir='ltr'>si</span> <span class='ocrx_word' id='word_1_520' title='bbox 831 2576 939 2600; x_wconf 88' lang='lat' dir='ltr'>autem</span> <span class='ocrx_word' id='word_1_521' title='bbox 967 2569 1001 2599; x_wconf 89' lang='lat' dir='ltr'>in</span> <span class='ocrx_word' id='word_1_522' title='bbox 1025 2569 1161 2600; x_wconf 90' lang='lat' dir='ltr'>dubium</span> <span class='ocrx_word' id='word_1_523' title='bbox 1184 2569 1314 2600; x_wconf 89' lang='lat' dir='ltr'>vertitur</span> <span class='ocrx_word' id='word_1_524' title='bbox 1337 2570 1425 2610; x_wconf 91' lang='lat' dir='ltr'>quod</span> <span class='ocrx_word' id='word_1_525' title='bbox 1449 2569 1488 2600; x_wconf 90' lang='lat' dir='ltr'>sit</span> 
     </span>
     <span class='ocr_line' id='line_1_77' title="bbox 422 2613 1488 2654; baseline 0 -10"><span class='ocrx_word' id='word_1_526' title='bbox 422 2613 467 2644; x_wconf 91' lang='lat' dir='ltr'>illi</span> <span class='ocrx_word' id='word_1_527' title='bbox 491 2614 618 2654; x_wconf 86' lang='lat' dir='ltr'>gratius,</span> <span class='ocrx_word' id='word_1_528' title='bbox 635 2613 780 2654; x_wconf 86' lang='lat' dir='ltr'>quamvis</span> <span class='ocrx_word' id='word_1_529' title='bbox 810 2623 877 2644; x_wconf 90' lang='lat' dir='ltr'>non</span> <span class='ocrx_word' id='word_1_530' title='bbox 900 2613 940 2643; x_wconf 91' lang='lat' dir='ltr'>sit</span> <span class='ocrx_word' id='word_1_531' title='bbox 963 2613 1098 2644; x_wconf 90' lang='lat' dir='ltr'>dubium</span> <span class='ocrx_word' id='word_1_532' title='bbox 1126 2613 1264 2644; x_wconf 88' lang='lat' dir='ltr'>vitulum</span> <span class='ocrx_word' id='word_1_533' title='bbox 1287 2623 1354 2644; x_wconf 89' lang='lat' dir='ltr'>esse</span> <span class='ocrx_word' id='word_1_534' title='bbox 1378 2613 1488 2644; x_wconf 89' lang='lat' dir='ltr'>melio-</span> 
     </span>
     <span class='ocr_line' id='line_1_78' title="bbox 422 2657 1487 2698; baseline 0 -10"><span class='ocrx_word' id='word_1_535' title='bbox 422 2668 490 2688; x_wconf 90' lang='lat' dir='ltr'>rem</span> <span class='ocrx_word' id='word_1_536' title='bbox 505 2658 609 2694; x_wconf 90' lang='lat' dir='ltr'>ariete,</span> <span class='ocrx_word' id='word_1_537' title='bbox 623 2668 688 2688; x_wconf 90' lang='lat' dir='ltr'>non</span> <span class='ocrx_word' id='word_1_538' title='bbox 712 2664 816 2698; x_wconf 91' lang='lat' dir='ltr'>potest</span> <span class='ocrx_word' id='word_1_539' title='bbox 831 2657 888 2698; x_wconf 90' lang='lat' dir='ltr'>qui</span> <span class='ocrx_word' id='word_1_540' title='bbox 903 2657 1050 2698; x_wconf 90' lang='lat' dir='ltr'>promisit</span> <span class='ocrx_word' id='word_1_541' title='bbox 1073 2665 1270 2688; x_wconf 86' lang='lat' dir='ltr'>commutare</span> <span class='ocrx_word' id='word_1_542' title='bbox 1293 2658 1487 2698; x_wconf 88' lang='lat' dir='ltr'>promissum</span> 
     </span>
     <span class='ocr_line' id='line_1_79' title="bbox 423 2701 1488 2742; baseline 0 -10"><span class='ocrx_word' id='word_1_543' title='bbox 423 2701 490 2732; x_wconf 90' lang='lat' dir='ltr'>sine</span> <span class='ocrx_word' id='word_1_544' title='bbox 512 2702 674 2733; x_wconf 87' lang='lat' dir='ltr'>voluntate</span> <span class='ocrx_word' id='word_1_545' title='bbox 698 2702 765 2732; x_wconf 91' lang='lat' dir='ltr'>eius</span> <span class='ocrx_word' id='word_1_546' title='bbox 782 2701 832 2732; x_wconf 93' lang='lat' dir='ltr'>cui</span> <span class='ocrx_word' id='word_1_547' title='bbox 855 2701 1012 2742; x_wconf 89' lang='lat' dir='ltr'>promisit,</span> <span class='ocrx_word' id='word_1_548' title='bbox 1029 2711 1103 2732; x_wconf 86' lang='lat' dir='ltr'>narn</span> <span class='ocrx_word' id='word_1_549' title='bbox 1124 2701 1197 2732; x_wconf 90' lang='lat' dir='ltr'>licet</span> <span class='ocrx_word' id='word_1_550' title='bbox 1219 2701 1337 2733; x_wconf 91' lang='lat' dir='ltr'>vitulus</span> <span class='ocrx_word' id='word_1_551' title='bbox 1361 2701 1400 2732; x_wconf 91' lang='lat' dir='ltr'>sit</span> <span class='ocrx_word' id='word_1_552' title='bbox 1422 2711 1488 2732; x_wconf 91' lang='lat' dir='ltr'>me-</span> 
     </span>
     <span class='ocr_line' id='line_1_80' title="bbox 422 2745 1487 2786; baseline 0 -10"><span class='ocrx_word' id='word_1_553' title='bbox 422 2746 492 2782; x_wconf 86' lang='lat' dir='ltr'>lior,</span> <span class='ocrx_word' id='word_1_554' title='bbox 513 2756 578 2777; x_wconf 92' lang='lat' dir='ltr'>non</span> <span class='ocrx_word' id='word_1_555' title='bbox 601 2752 706 2777; x_wconf 86' lang='lat' dir='ltr'>tamen</span> <span class='ocrx_word' id='word_1_556' title='bbox 731 2753 778 2776; x_wconf 91' lang='lat' dir='ltr'>est</span> <span class='ocrx_word' id='word_1_557' title='bbox 799 2745 913 2776; x_wconf 89' lang='lat' dir='ltr'>melior</span> <span class='ocrx_word' id='word_1_558' title='bbox 936 2745 1020 2782; x_wconf 88' lang='lat' dir='ltr'>huic,</span> <span class='ocrx_word' id='word_1_559' title='bbox 1044 2745 1094 2776; x_wconf 93' lang='lat' dir='ltr'>cui</span> <span class='ocrx_word' id='word_1_560' title='bbox 1118 2745 1199 2777; x_wconf 87' lang='lat' dir='ltr'>forte</span> <span class='ocrx_word' id='word_1_561' title='bbox 1223 2752 1269 2776; x_wconf 88' lang='lat' dir='ltr'>est</span> <span class='ocrx_word' id='word_1_562' title='bbox 1291 2745 1398 2776; x_wconf 89' lang='lat' dir='ltr'>minus</span> <span class='ocrx_word' id='word_1_563' title='bbox 1420 2756 1487 2786; x_wconf 90' lang='lat' dir='ltr'>gra-</span> 
     </span>
     <span class='ocr_line' id='line_1_81' title="bbox 422 2789 1488 2832; baseline 0 -11"><span class='ocrx_word' id='word_1_564' title='bbox 422 2797 474 2821; x_wconf 89' lang='lat' dir='ltr'>tus</span> <span class='ocrx_word' id='word_1_565' title='bbox 498 2789 547 2832; x_wconf 88' lang='lat' dir='ltr'>(et</span> <span class='ocrx_word' id='word_1_566' title='bbox 569 2790 601 2820; x_wconf 90' lang='lat' dir='ltr'>in</span> <span class='ocrx_word' id='word_1_567' title='bbox 625 2790 687 2820; x_wconf 91' lang='lat' dir='ltr'>hoc</span> <span class='ocrx_word' id='word_1_568' title='bbox 711 2800 804 2820; x_wconf 87' lang='lat' dir='ltr'>sensu</span> <span class='ocrx_word' id='word_1_569' title='bbox 828 2789 1069 2830; x_wconf 87' lang='lat' dir='ltr'>intelligendum</span> <span class='ocrx_word' id='word_1_570' title='bbox 1093 2797 1139 2821; x_wconf 84' lang='lat' dir='ltr'>est</span> <span class='ocrx_word' id='word_1_571' title='bbox 1160 2790 1210 2821; x_wconf 87' lang='lat' dir='ltr'>ius</span> <span class='ocrx_word' id='word_1_572' title='bbox 1234 2790 1323 2820; x_wconf 86' lang='lat' dir='ltr'>civile</span> <span class='ocrx_word' id='word_1_573' title='bbox 1338 2789 1356 2809; x_wconf 86' lang='grc'><strong><em>*</em></strong></span> <span class='ocrx_word' id='word_1_574' title='bbox 1377 2790 1488 2821; x_wconf 84' lang='lat' dir='ltr'>volens</span> 
     </span>
     <span class='ocr_line' id='line_1_82' title="bbox 423 2834 1488 2875; baseline 0.001 -10"><span class='ocrx_word' id='word_1_575' title='bbox 423 2835 513 2874; x_wconf 90' lang='lat' dir='ltr'>quod</span> <span class='ocrx_word' id='word_1_576' title='bbox 536 2834 660 2865; x_wconf 89' lang='lat' dir='ltr'>solvens</span> <span class='ocrx_word' id='word_1_577' title='bbox 684 2834 797 2865; x_wconf 89' lang='lat' dir='ltr'>melius</span> <span class='ocrx_word' id='word_1_578' title='bbox 820 2844 886 2864; x_wconf 90' lang='lat' dir='ltr'>non</span> <span class='ocrx_word' id='word_1_579' title='bbox 916 2834 1065 2865; x_wconf 88' lang='lat' dir='ltr'>liberatur</span> <span class='ocrx_word' id='word_1_580' title='bbox 1088 2844 1106 2864; x_wconf 90' lang='lat' dir='ltr'>a</span> <span class='ocrx_word' id='word_1_581' title='bbox 1129 2834 1252 2866; x_wconf 88' lang='lat' dir='ltr'>debito:</span> <span class='ocrx_word' id='word_1_582' title='bbox 1277 2834 1407 2875; x_wconf 89' lang='lat' dir='ltr'>quando</span> <span class='ocrx_word' id='word_1_583' title='bbox 1431 2834 1488 2866; x_wconf 90' lang='lat' dir='ltr'>sci-</span> 
     </span>
     <span class='ocr_line' id='line_1_83' title="bbox 423 2877 1487 2920; baseline 0.001 -12"><span class='ocrx_word' id='word_1_584' title='bbox 423 2878 495 2909; x_wconf 90' lang='lat' dir='ltr'>licet</span> <span class='ocrx_word' id='word_1_585' title='bbox 518 2878 653 2909; x_wconf 90' lang='lat' dir='ltr'>dubium</span> <span class='ocrx_word' id='word_1_586' title='bbox 685 2885 731 2909; x_wconf 88' lang='lat' dir='ltr'>est</span> <span class='ocrx_word' id='word_1_587' title='bbox 752 2888 792 2908; x_wconf 88' lang='lat' dir='ltr'>an</span> <span class='ocrx_word' id='word_1_588' title='bbox 817 2877 962 2908; x_wconf 87' lang='lat' dir='ltr'>creditori</span> <span class='ocrx_word' id='word_1_589' title='bbox 992 2878 1073 2908; x_wconf 90' lang='lat' dir='ltr'>illud</span> <span class='ocrx_word' id='word_1_590' title='bbox 1096 2878 1210 2909; x_wconf 90' lang='lat' dir='ltr'>melius</span> <span class='ocrx_word' id='word_1_591' title='bbox 1234 2878 1273 2909; x_wconf 85' lang='lat' dir='ltr'>sit</span> <span class='ocrx_word' id='word_1_592' title='bbox 1296 2879 1396 2919; x_wconf 85' lang='lat' dir='ltr'>magis</span> <span class='ocrx_word' id='word_1_593' title='bbox 1418 2889 1487 2920; x_wconf 84' lang='lat' dir='ltr'>gra-</span> 
     </span>
     <span class='ocr_line' id='line_1_84' title="bbox 424 2920 1487 2964; baseline 0.002 -12"><span class='ocrx_word' id='word_1_594' title='bbox 424 2920 524 2964; x_wconf 86' lang='lat' dir='ltr'>tum):</span> <span class='ocrx_word' id='word_1_595' title='bbox 553 2922 595 2953; x_wconf 90' lang='lat' dir='ltr'>ita</span> <span class='ocrx_word' id='word_1_596' title='bbox 617 2922 650 2952; x_wconf 90' lang='lat' dir='ltr'>in</span> <span class='ocrx_word' id='word_1_597' title='bbox 679 2929 770 2958; x_wconf 89' lang='lat' dir='ltr'>voto,</span> <span class='ocrx_word' id='word_1_598' title='bbox 799 2932 880 2963; x_wconf 87' lang='lat' dir='ltr'>quae</span> <span class='ocrx_word' id='word_1_599' title='bbox 910 2929 957 2953; x_wconf 90' lang='lat' dir='ltr'>est</span> <span class='ocrx_word' id='word_1_600' title='bbox 986 2922 1156 2963; x_wconf 87' lang='lat' dir='ltr'>promissio</span> <span class='ocrx_word' id='word_1_601' title='bbox 1180 2923 1219 2954; x_wconf 89' lang='lat' dir='ltr'>de</span> <span class='ocrx_word' id='word_1_602' title='bbox 1249 2922 1372 2953; x_wconf 89' lang='lat' dir='ltr'>meliori</span> <span class='ocrx_word' id='word_1_603' title='bbox 1399 2923 1487 2954; x_wconf 91' lang='lat' dir='ltr'>bono</span> 
     </span>
     <span class='ocr_line' id='line_1_85' title="bbox 423 2965 1488 3007; baseline 0.003 -12"><span class='ocrx_word' id='word_1_604' title='bbox 423 2965 504 2996; x_wconf 88' lang='lat' dir='ltr'>facta</span> <span class='ocrx_word' id='word_1_605' title='bbox 527 2966 607 3001; x_wconf 86' lang='lat' dir='ltr'>Deo,</span> <span class='ocrx_word' id='word_1_606' title='bbox 634 2965 803 2996; x_wconf 88' lang='lat' dir='ltr'>dicendum</span> <span class='ocrx_word' id='word_1_607' title='bbox 833 2973 879 2996; x_wconf 90' lang='lat' dir='ltr'>est</span> <span class='ocrx_word' id='word_1_608' title='bbox 902 2966 990 3006; x_wconf 89' lang='lat' dir='ltr'>quod</span> <span class='ocrx_word' id='word_1_609' title='bbox 1014 2967 1143 3007; x_wconf 91' lang='lat' dir='ltr'>quando</span> <span class='ocrx_word' id='word_1_610' title='bbox 1177 2967 1336 2998; x_wconf 88' lang='lat' dir='ltr'>evidenter</span> <span class='ocrx_word' id='word_1_611' title='bbox 1366 2974 1488 2998; x_wconf 90' lang='lat' dir='ltr'>constat</span> 
     </span>
     <span class='ocr_line' id='line_1_86' title="bbox 424 3009 1487 3052; baseline 0.003 -13"><span class='ocrx_word' id='word_1_612' title='bbox 424 3009 542 3049; x_wconf 87' lang='lat' dir='ltr'>gratius</span> <span class='ocrx_word' id='word_1_613' title='bbox 558 3019 624 3040; x_wconf 90' lang='lat' dir='ltr'>esse</span> <span class='ocrx_word' id='word_1_614' title='bbox 647 3009 716 3040; x_wconf 87' lang='lat' dir='ltr'>Deo</span> <span class='ocrx_word' id='word_1_615' title='bbox 740 3019 823 3050; x_wconf 92' lang='lat' dir='ltr'>opus</span> <span class='ocrx_word' id='word_1_616' title='bbox 838 3009 870 3039; x_wconf 90' lang='lat' dir='ltr'>in</span> <span class='ocrx_word' id='word_1_617' title='bbox 887 3010 975 3050; x_wconf 91' lang='lat' dir='ltr'>quod</span> <span class='ocrx_word' id='word_1_618' title='bbox 999 3017 1215 3042; x_wconf 89' lang='lat' dir='ltr'>commutatur</span> <span class='ocrx_word' id='word_1_619' title='bbox 1230 3021 1328 3052; x_wconf 83' lang='lat' dir='ltr'>quarn</span> <span class='ocrx_word' id='word_1_620' title='bbox 1351 3010 1383 3041; x_wconf 92' lang='lat' dir='ltr'>id</span> <span class='ocrx_word' id='word_1_621' title='bbox 1398 3012 1487 3052; x_wconf 90' lang='lat' dir='ltr'>quod</span> 
     </span>
     <span class='ocr_line' id='line_1_87' title="bbox 424 3053 1487 3096; baseline 0.003 -13"><span class='ocrx_word' id='word_1_622' title='bbox 424 3060 471 3084; x_wconf 88' lang='lat' dir='ltr'>est</span> <span class='ocrx_word' id='word_1_623' title='bbox 494 3053 705 3094; x_wconf 88' lang='lat' dir='ltr'>promissum,</span> <span class='ocrx_word' id='word_1_624' title='bbox 729 3063 795 3083; x_wconf 87' lang='lat' dir='ltr'>non</span> <span class='ocrx_word' id='word_1_625' title='bbox 825 3059 871 3084; x_wconf 87' lang='lat' dir='ltr'>est</span> <span class='ocrx_word' id='word_1_626' title='bbox 893 3063 966 3084; x_wconf 90' lang='lat' dir='ltr'>reus</span> <span class='ocrx_word' id='word_1_627' title='bbox 998 3054 1086 3085; x_wconf 88' lang='lat' dir='ltr'>fracti</span> <span class='ocrx_word' id='word_1_628' title='bbox 1116 3055 1183 3086; x_wconf 88' lang='lat' dir='ltr'>voti</span> <span class='ocrx_word' id='word_1_629' title='bbox 1206 3055 1262 3096; x_wconf 88' lang='lat' dir='ltr'>qui</span> <span class='ocrx_word' id='word_1_630' title='bbox 1291 3055 1487 3095; x_wconf 86' lang='lat' dir='ltr'>promissum</span> 
     </span>
     <span class='ocr_line' id='line_1_88' title="bbox 424 3097 1487 3139; baseline 0.002 -11"><span class='ocrx_word' id='word_1_631' title='bbox 424 3103 527 3128; x_wconf 85' lang='lat' dir='ltr'>mutat</span> <span class='ocrx_word' id='word_1_632' title='bbox 549 3097 582 3128; x_wconf 92' lang='lat' dir='ltr'>in</span> <span class='ocrx_word' id='word_1_633' title='bbox 605 3097 720 3128; x_wconf 89' lang='lat' dir='ltr'>melius</span> <span class='ocrx_word' id='word_1_634' title='bbox 743 3107 779 3128; x_wconf 88' lang='lat' dir='ltr'>ac</span> <span class='ocrx_word' id='word_1_635' title='bbox 801 3097 918 3137; x_wconf 86' lang='lat' dir='ltr'>gratius</span> <span class='ocrx_word' id='word_1_636' title='bbox 941 3098 1021 3128; x_wconf 85' lang='lat' dir='ltr'>Deo.</span> <span class='ocrx_word' id='word_1_637' title='bbox 1044 3099 1157 3139; x_wconf 87' lang='lat' dir='ltr'>Neque</span> <span class='ocrx_word' id='word_1_638' title='bbox 1180 3099 1266 3129; x_wconf 89' lang='lat' dir='ltr'>enim</span> <span class='ocrx_word' id='word_1_639' title='bbox 1289 3099 1417 3139; x_wconf 79' lang='lat' dir='ltr'>agrestis</span> <span class='ocrx_word' id='word_1_640' title='bbox 1441 3106 1487 3131; x_wconf 89' lang='lat' dir='ltr'>est</span> 
     </span>
     <span class='ocr_line' id='line_1_89' title="bbox 423 3141 1486 3184; baseline 0.003 -13"><span class='ocrx_word' id='word_1_641' title='bbox 423 3142 526 3172; x_wconf 88' lang='lat' dir='ltr'>Deus:</span> <span class='ocrx_word' id='word_1_642' title='bbox 551 3148 606 3172; x_wconf 88' lang='lat' dir='ltr'>aut</span> <span class='ocrx_word' id='word_1_643' title='bbox 629 3142 667 3172; x_wconf 85' lang='lat' dir='ltr'>ab</span> <span class='ocrx_word' id='word_1_644' title='bbox 684 3141 747 3171; x_wconf 89' lang='lat' dir='ltr'>alio</span> <span class='ocrx_word' id='word_1_645' title='bbox 770 3151 868 3182; x_wconf 87' lang='lat' dir='ltr'>quam</span> <span class='ocrx_word' id='word_1_646' title='bbox 883 3151 901 3171; x_wconf 86' lang='lat' dir='ltr'>a</span> <span class='ocrx_word' id='word_1_647' title='bbox 922 3141 992 3172; x_wconf 88' lang='lat' dir='ltr'>Deo</span> <span class='ocrx_word' id='word_1_648' title='bbox 1007 3141 1103 3172; x_wconf 87' lang='lat' dir='ltr'>habet</span> <span class='ocrx_word' id='word_1_649' title='bbox 1125 3142 1225 3173; x_wconf 92' lang='lat' dir='ltr'>homo</span> <span class='ocrx_word' id='word_1_650' title='bbox 1240 3143 1405 3180; x_wconf 85' lang='lat' dir='ltr'>rationem,</span> <span class='ocrx_word' id='word_1_651' title='bbox 1422 3153 1486 3184; x_wconf 86' lang='lat' dir='ltr'>qua</span> 
     </span>
     <span class='ocr_line' id='line_1_90' title="bbox 423 3184 1488 3226; baseline 0.002 -10"><span class='ocrx_word' id='word_1_652' title='bbox 423 3185 523 3216; x_wconf 89' lang='lat' dir='ltr'>homo</span> <span class='ocrx_word' id='word_1_653' title='bbox 548 3185 666 3216; x_wconf 85' lang='lat' dir='ltr'>factum</span> <span class='ocrx_word' id='word_1_654' title='bbox 689 3184 748 3216; x_wconf 91' lang='lat' dir='ltr'>sibi</span> <span class='ocrx_word' id='word_1_655' title='bbox 771 3184 844 3216; x_wconf 89' lang='lat' dir='ltr'>satis</span> <span class='ocrx_word' id='word_1_656' title='bbox 868 3191 959 3226; x_wconf 88' lang='lat' dir='ltr'>putat</span> <span class='ocrx_word' id='word_1_657' title='bbox 982 3185 1016 3222; x_wconf 90' lang='lat' dir='ltr'>si,</span> <span class='ocrx_word' id='word_1_658' title='bbox 1032 3185 1106 3216; x_wconf 93' lang='lat' dir='ltr'>loco</span> <span class='ocrx_word' id='word_1_659' title='bbox 1130 3186 1292 3226; x_wconf 90' lang='lat' dir='ltr'>promissi,</span> <span class='ocrx_word' id='word_1_660' title='bbox 1318 3186 1432 3217; x_wconf 89' lang='lat' dir='ltr'>melius</span> <span class='ocrx_word' id='word_1_661' title='bbox 1457 3194 1488 3218; x_wconf 89' lang='lat' dir='ltr'>et</span> 
     </span>
     <span class='ocr_line' id='line_1_91' title="bbox 423 3228 1486 3271; baseline 0.001 -11"><span class='ocrx_word' id='word_1_662' title='bbox 423 3229 541 3270; x_wconf 86' lang='lat' dir='ltr'>gratius</span> <span class='ocrx_word' id='word_1_663' title='bbox 564 3229 623 3260; x_wconf 89' lang='lat' dir='ltr'>sibi</span> <span class='ocrx_word' id='word_1_664' title='bbox 646 3230 757 3260; x_wconf 88' lang='lat' dir='ltr'>datum</span> <span class='ocrx_word' id='word_1_665' title='bbox 781 3235 836 3260; x_wconf 89' lang='lat' dir='ltr'>est.</span> <span class='ocrx_word' id='word_1_666' title='bbox 861 3228 972 3260; x_wconf 89' lang='lat' dir='ltr'>Cessat</span> <span class='ocrx_word' id='word_1_667' title='bbox 995 3229 1152 3270; x_wconf 88' lang='lat' dir='ltr'>siquidem</span> <span class='ocrx_word' id='word_1_668' title='bbox 1175 3237 1250 3261; x_wconf 92' lang='lat' dir='ltr'>tunc</span> <span class='ocrx_word' id='word_1_669' title='bbox 1278 3230 1357 3261; x_wconf 88' lang='lat' dir='ltr'>ratio</span> <span class='ocrx_word' id='word_1_670' title='bbox 1380 3231 1486 3271; x_wconf 89' lang='lat' dir='ltr'>requi-</span> 
     </span>
     <span class='ocr_line' id='line_1_92' title="bbox 423 3272 1486 3315; baseline 0.001 -11"><span class='ocrx_word' id='word_1_671' title='bbox 423 3274 511 3304; x_wconf 89' lang='lat' dir='ltr'>rendi</span> <span class='ocrx_word' id='word_1_672' title='bbox 535 3273 705 3314; x_wconf 88' lang='lat' dir='ltr'>superioris</span> <span class='ocrx_word' id='word_1_673' title='bbox 728 3272 892 3304; x_wconf 84' lang='lat' dir='ltr'>arbitrium</span> <span class='ocrx_word' id='word_1_674' title='bbox 914 3273 982 3304; x_wconf 88' lang='lat' dir='ltr'>vice</span> <span class='ocrx_word' id='word_1_675' title='bbox 1000 3273 1075 3304; x_wconf 92' lang='lat' dir='ltr'>Dei:</span> <span class='ocrx_word' id='word_1_676' title='bbox 1100 3274 1253 3315; x_wconf 86' lang='lat' dir='ltr'>quoniam</span> <span class='ocrx_word' id='word_1_677' title='bbox 1278 3281 1401 3305; x_wconf 87' lang='lat' dir='ltr'>constat</span> <span class='ocrx_word' id='word_1_678' title='bbox 1423 3275 1486 3305; x_wconf 90' lang='lat' dir='ltr'>evi-</span> 
     </span>
     <span class='ocr_line' id='line_1_93' title="bbox 424 3316 950 3358; baseline -0.002 -10"><span class='ocrx_word' id='word_1_679' title='bbox 424 3318 533 3348; x_wconf 88' lang='lat' dir='ltr'>denter</span> <span class='ocrx_word' id='word_1_680' title='bbox 555 3318 624 3348; x_wconf 90' lang='lat' dir='ltr'>Deo</span> <span class='ocrx_word' id='word_1_681' title='bbox 648 3317 710 3348; x_wconf 91' lang='lat' dir='ltr'>hoc</span> <span class='ocrx_word' id='word_1_682' title='bbox 733 3327 801 3348; x_wconf 84' lang='lat' dir='ltr'>esse</span> <span class='ocrx_word' id='word_1_683' title='bbox 823 3316 950 3358; x_wconf 81' lang='lat' dir='ltr'>gratius.</span> 
     </span>
    </p>

    <p class='ocr_par' dir='ltr' id='par_1_28' title="bbox 423 3361 1486 3530">
     <span class='ocr_line' id='line_1_94' title="bbox 479 3361 1486 3403; baseline 0.002 -12"><span class='ocrx_word' id='word_1_684' title='bbox 479 3362 520 3392; x_wconf 92' lang='lat' dir='ltr'>Et</span> <span class='ocrx_word' id='word_1_685' title='bbox 543 3362 604 3392; x_wconf 91' lang='lat' dir='ltr'>hoc</span> <span class='ocrx_word' id='word_1_686' title='bbox 634 3369 680 3393; x_wconf 87' lang='lat' dir='ltr'>est</span> <span class='ocrx_word' id='word_1_687' title='bbox 702 3362 807 3402; x_wconf 91' lang='lat' dir='ltr'>quod,</span> <span class='ocrx_word' id='word_1_688' title='bbox 834 3362 952 3402; x_wconf 87' lang='lat' dir='ltr'>absque</span> <span class='ocrx_word' id='word_1_689' title='bbox 976 3361 1154 3393; x_wconf 83' lang='lat' dir='ltr'>extorsione</span> <span class='ocrx_word' id='word_1_690' title='bbox 1177 3361 1299 3403; x_wconf 80' lang='lat' dir='ltr'>aliqua,</span> <span class='ocrx_word' id='word_1_691' title='bbox 1324 3362 1486 3393; x_wconf 88' lang='lat' dir='ltr'>decretalis</span> 
     </span>
     <span class='ocr_line' id='line_1_95' title="bbox 423 3405 1483 3448; baseline 0.002 -13"><span class='ocrx_word' id='word_1_692' title='bbox 423 3405 589 3444; x_wconf 78' lang='lat' dir='ltr'>Pervenit,</span> <span class='ocrx_word' id='word_1_693' title='bbox 612 3406 652 3437; x_wconf 84' lang='lat' dir='ltr'>de</span> <span class='ocrx_word' id='word_1_694' title='bbox 672 3405 907 3443; x_wconf 84' lang='lat' dir='ltr'>Iureiurando,</span> <span class='ocrx_word' id='word_1_695' title='bbox 927 3406 1029 3436; x_wconf 91' lang='lat' dir='ltr'>docet.</span> <span class='ocrx_word' id='word_1_696' title='bbox 1042 3423 1062 3429; x_wconf 91' lang='lat'>—</span> <span class='ocrx_word' id='word_1_697' title='bbox 1077 3406 1150 3437; x_wconf 91' lang='lat' dir='ltr'>Hoc</span> <span class='ocrx_word' id='word_1_698' title='bbox 1173 3413 1219 3437; x_wconf 86' lang='lat' dir='ltr'>est</span> <span class='ocrx_word' id='word_1_699' title='bbox 1241 3406 1329 3448; x_wconf 92' lang='lat' dir='ltr'>quod</span> <span class='ocrx_word' id='word_1_700' title='bbox 1356 3416 1392 3437; x_wconf 87' lang='lat' dir='ltr'>ex</span> <span class='ocrx_word' id='word_1_701' title='bbox 1415 3416 1483 3447; x_wconf 87' lang='lat' dir='ltr'>cap.</span> 
     </span>
     <span class='ocr_line' id='line_1_96' title="bbox 424 3449 1486 3490; baseline 0.003 -11"><span class='ocrx_word' id='word_1_702' title='bbox 424 3449 628 3490; x_wconf 83' lang='lat' dir='ltr'>Scripturae,</span> <span class='ocrx_word' id='word_1_703' title='bbox 654 3450 764 3486; x_wconf 86' lang='lat' dir='ltr'>Extra,</span> <span class='ocrx_word' id='word_1_704' title='bbox 787 3450 827 3481; x_wconf 88' lang='lat' dir='ltr'>de</span> <span class='ocrx_word' id='word_1_705' title='bbox 855 3450 948 3487; x_wconf 83' lang='lat' dir='ltr'>Voto,</span> <span class='ocrx_word' id='word_1_706' title='bbox 976 3449 1138 3481; x_wconf 91' lang='lat' dir='ltr'>docemur.</span> <span class='ocrx_word' id='word_1_707' title='bbox 1170 3450 1244 3480; x_wconf 90' lang='lat' dir='ltr'>Non</span> <span class='ocrx_word' id='word_1_708' title='bbox 1278 3450 1362 3481; x_wconf 89' lang='lat' dir='ltr'>enim</span> <span class='ocrx_word' id='word_1_709' title='bbox 1391 3458 1486 3490; x_wconf 88' lang='lat' dir='ltr'>caput</span> 
     </span>
     <span class='ocr_line' id='line_1_97' title="bbox 423 3492 1485 3530; baseline 0.001 -7"><span class='ocrx_word' id='word_1_710' title='bbox 423 3492 502 3524; x_wconf 91' lang='lat' dir='ltr'>illud</span> <span class='ocrx_word' id='word_1_711' title='bbox 519 3493 625 3524; x_wconf 89' lang='lat' dir='ltr'>condit</span> <span class='ocrx_word' id='word_1_712' title='bbox 646 3493 695 3524; x_wconf 90' lang='lat' dir='ltr'>ius</span> <span class='ocrx_word' id='word_1_713' title='bbox 711 3504 842 3530; x_wconf 90' lang='lat' dir='ltr'>novum,</span> <span class='ocrx_word' id='word_1_714' title='bbox 859 3494 913 3524; x_wconf 92' lang='lat' dir='ltr'>sed</span> <span class='ocrx_word' id='word_1_715' title='bbox 929 3494 1064 3525; x_wconf 86' lang='lat' dir='ltr'>declarat</span> <span class='ocrx_word' id='word_1_716' title='bbox 1079 3494 1242 3526; x_wconf 87' lang='lat' dir='ltr'>veritatem</span> <span class='ocrx_word' id='word_1_717' title='bbox 1262 3504 1299 3525; x_wconf 88' lang='lat' dir='ltr'>ex</span> <span class='ocrx_word' id='word_1_718' title='bbox 1316 3501 1426 3526; x_wconf 84' lang='lat' dir='ltr'>natura</span> <span class='ocrx_word' id='word_1_719' title='bbox 1442 3495 1485 3525; x_wconf 90' lang='lat' dir='ltr'>rei</span> 
     </span>
    </p>
   </div>
   <div class='ocr_carea' id='block_1_24' title="bbox 1512 1747 1517 3516">
    <p class='ocr_par' dir='ltr' id='par_1_29' title="bbox 1512 1747 1517 3516">
     <span class='ocr_line' id='line_1_98' title="bbox 1512 1747 1517 3516; baseline 0 0"><span class='ocrx_word' id='word_1_720' title='bbox 1512 1747 1517 3516; x_wconf 95' lang='lat' dir='ltr'> </span> 
     </span>
    </p>
   </div>
   <div class='ocr_carea' id='block_1_25' title="bbox 1537 1730 2607 3538">
    <p class='ocr_par' dir='ltr' id='par_1_30' title="bbox 1540 1730 2606 2126">
     <span class='ocr_line' id='line_1_99' title="bbox 1542 1730 2605 1774; baseline 0.004 -13"><span class='ocrx_word' id='word_1_721' title='bbox 1542 1730 1736 1767; x_wconf 89' lang='lat' dir='ltr'>existentem,</span> <span class='ocrx_word' id='word_1_722' title='bbox 1753 1731 1870 1762; x_wconf 86' lang='lat' dir='ltr'>scilicet</span> <span class='ocrx_word' id='word_1_723' title='bbox 1894 1732 1983 1772; x_wconf 93' lang='lat' dir='ltr'>quod</span> <span class='ocrx_word' id='word_1_724' title='bbox 1999 1731 2127 1772; x_wconf 86' lang='lat' dir='ltr'>propria</span> <span class='ocrx_word' id='word_1_725' title='bbox 2143 1732 2328 1763; x_wconf 90' lang='lat' dir='ltr'>auctoritate</span> <span class='ocrx_word' id='word_1_726' title='bbox 2343 1733 2477 1774; x_wconf 89' lang='lat' dir='ltr'>quilibet</span> <span class='ocrx_word' id='word_1_727' title='bbox 2498 1741 2605 1774; x_wconf 79' lang='lat' dir='ltr'>potest</span> 
     </span>
     <span class='ocr_line' id='line_1_100' title="bbox 1542 1775 2604 1818; baseline 0.006 -14"><span class='ocrx_word' id='word_1_728' title='bbox 1542 1779 1648 1805; x_wconf 84' lang='lat' dir='ltr'>votum</span> <span class='ocrx_word' id='word_1_729' title='bbox 1673 1775 1857 1815; x_wconf 83' lang='lat' dir='ltr'>temporalis</span> <span class='ocrx_word' id='word_1_730' title='bbox 1879 1776 2019 1816; x_wconf 82' lang='lat' dir='ltr'>obsequii</span> <span class='ocrx_word' id='word_1_731' title='bbox 2040 1777 2073 1806; x_wconf 88' lang='lat' dir='ltr'>in</span> <span class='ocrx_word' id='word_1_732' title='bbox 2090 1775 2282 1816; x_wconf 76' lang='lat' dir='ltr'>perpetuam</span> <span class='ocrx_word' id='word_1_733' title='bbox 2307 1777 2475 1818; x_wconf 78' lang='lat' dir='ltr'>religionis</span> <span class='ocrx_word' id='word_1_734' title='bbox 2497 1778 2604 1810; x_wconf 78' lang='lat' dir='ltr'>obser-</span> 
     </span>
     <span class='ocr_line' id='line_1_101' title="bbox 1542 1820 2604 1862; baseline 0.004 -13"><span class='ocrx_word' id='word_1_735' title='bbox 1542 1820 1682 1849; x_wconf 86' lang='lat' dir='ltr'>vantiam</span> <span class='ocrx_word' id='word_1_736' title='bbox 1707 1824 1922 1850; x_wconf 85' lang='lat' dir='ltr'>commutare:</span> <span class='ocrx_word' id='word_1_737' title='bbox 1945 1826 2067 1850; x_wconf 86' lang='lat' dir='ltr'>constat</span> <span class='ocrx_word' id='word_1_738' title='bbox 2089 1829 2227 1860; x_wconf 84' lang='lat' dir='ltr'>namque</span> <span class='ocrx_word' id='word_1_739' title='bbox 2249 1820 2312 1851; x_wconf 87' lang='lat' dir='ltr'>hoc</span> <span class='ocrx_word' id='word_1_740' title='bbox 2335 1830 2402 1851; x_wconf 85' lang='lat' dir='ltr'>esse</span> <span class='ocrx_word' id='word_1_741' title='bbox 2420 1821 2516 1862; x_wconf 82' lang='lat' dir='ltr'>longe</span> <span class='ocrx_word' id='word_1_742' title='bbox 2539 1831 2604 1853; x_wconf 85' lang='lat' dir='ltr'>me-</span> 
     </span>
     <span class='ocr_line' id='line_1_102' title="bbox 1542 1862 2605 1914; baseline 0.005 -22"><span class='ocrx_word' id='word_1_743' title='bbox 1542 1862 1604 1893; x_wconf 90' lang='lat' dir='ltr'>lius</span> <span class='ocrx_word' id='word_1_744' title='bbox 1627 1869 1658 1893; x_wconf 89' lang='lat' dir='ltr'>et</span> <span class='ocrx_word' id='word_1_745' title='bbox 1680 1863 1797 1903; x_wconf 82' lang='lat' dir='ltr'>gratius</span> <span class='ocrx_word' id='word_1_746' title='bbox 1820 1863 1900 1894; x_wconf 89' lang='lat' dir='ltr'>Deo.</span> <span class='ocrx_word' id='word_1_747' title='bbox 1917 1881 1938 1886; x_wconf 96' lang='lat'>—</span> <span class='ocrx_word' id='word_1_748' title='bbox 1955 1864 2028 1894; x_wconf 89' lang='lat' dir='ltr'>Hoc</span> <span class='ocrx_word' id='word_1_749' title='bbox 2051 1870 2098 1894; x_wconf 90' lang='lat' dir='ltr'>est</span> <span class='ocrx_word' id='word_1_750' title='bbox 2120 1863 2232 1905; x_wconf 89' lang='lat' dir='ltr'>quod&#39;</span> <span class='ocrx_word' id='word_1_751' title='bbox 2224 1873 2257 1894; x_wconf 83' lang='lat' dir='ltr'>in</span> <span class='ocrx_word' id='word_1_752' title='bbox 2281 1874 2349 1905; x_wconf 87' lang='lat' dir='ltr'>cap.</span> <span class='ocrx_word' id='word_1_753' title='bbox 2366 1865 2465 1909; x_wconf 71' lang='lat' dir='ltr'>Licet,</span> <span class='ocrx_word' id='word_1_754' title='bbox 2481 1865 2522 1897; x_wconf 83' lang='lat' dir='ltr'>de</span> <span class='ocrx_word' id='word_1_755' title='bbox 2542 1866 2605 1914; x_wconf 75' lang='lat' dir='ltr'>Re-</span> 
     </span>
     <span class='ocr_line' id='line_1_103' title="bbox 1540 1906 2525 1948; baseline 0.003 -11"><span class='ocrx_word' id='word_1_756' title='bbox 1540 1906 1736 1947; x_wconf 82' lang='lat' dir='ltr'>gu1.,etia1n</span> <span class='ocrx_word' id='word_1_757' title='bbox 1757 1906 1940 1938; x_wconf 87' lang='lat' dir='ltr'>declaratur.</span> <span class='ocrx_word' id='word_1_758' title='bbox 1964 1908 2048 1938; x_wconf 89' lang='lat' dir='ltr'>Nam</span> <span class='ocrx_word' id='word_1_759' title='bbox 2067 1917 2171 1948; x_wconf 89' lang='lat' dir='ltr'>neque</span> <span class='ocrx_word' id='word_1_760' title='bbox 2189 1907 2232 1938; x_wconf 89' lang='lat' dir='ltr'>ibi</span> <span class='ocrx_word' id='word_1_761' title='bbox 2255 1907 2292 1939; x_wconf 86' lang='lat' dir='ltr'>fit</span> <span class='ocrx_word' id='word_1_762' title='bbox 2313 1918 2437 1940; x_wconf 86' lang='lat' dir='ltr'>novum</span> <span class='ocrx_word' id='word_1_763' title='bbox 2459 1908 2525 1941; x_wconf 76' lang='lat' dir='ltr'>ius:</span> 
     </span>
     <span class='ocr_line' id='line_1_104' title="bbox 1541 1950 2606 1999; baseline 0.003 -18"><span class='ocrx_word' id='word_1_764' title='bbox 1541 1950 1617 1991; x_wconf 89' lang='lat' dir='ltr'>quia</span> <span class='ocrx_word' id='word_1_765' title='bbox 1645 1950 1768 1982; x_wconf 87' lang='lat' dir='ltr'>licitum</span> <span class='ocrx_word' id='word_1_766' title='bbox 1791 1950 1852 1982; x_wconf 87' lang='lat' dir='ltr'>fuit</span> <span class='ocrx_word' id='word_1_767' title='bbox 1873 1951 2003 1982; x_wconf 89' lang='lat' dir='ltr'>transire</span> <span class='ocrx_word' id='word_1_768' title='bbox 2027 1952 2067 1982; x_wconf 86' lang='lat' dir='ltr'>ad</span> <span class='ocrx_word' id='word_1_769' title='bbox 2099 1951 2193 1982; x_wconf 85' lang='lat' dir='ltr'>aliam</span> <span class='ocrx_word' id='word_1_770' title='bbox 2224 1951 2390 1984; x_wconf 71' lang='lat' dir='ltr'>arctiorem</span> <span class='ocrx_word' id='word_1_771' title='bbox 2418 1953 2606 1999; x_wconf 62' lang='lat' dir='ltr'>religionen</span> 
     </span>
     <span class='ocr_line' id='line_1_105' title="bbox 1541 1992 2604 2035; baseline 0.005 -10"><span class='ocrx_word' id='word_1_772' title='bbox 1541 2001 1671 2035; x_wconf 87' lang='lat' dir='ltr'>propter</span> <span class='ocrx_word' id='word_1_773' title='bbox 1700 1995 1867 2026; x_wconf 86' lang='lat' dir='ltr'>meliorem</span> <span class='ocrx_word' id='word_1_774' title='bbox 1898 1995 1995 2026; x_wconf 83' lang='lat' dir='ltr'>vitam</span> <span class='ocrx_word' id='word_1_775' title='bbox 2018 1995 2036 2015; x_wconf 89' lang='lat'><em>*</em></span> <span class='ocrx_word' id='word_1_776' title='bbox 2050 2019 2057 2032; x_wconf 91' lang='lat'>‚</span> <span class='ocrx_word' id='word_1_777' title='bbox 2088 2005 2154 2026; x_wconf 91' lang='lat' dir='ltr'>non</span> <span class='ocrx_word' id='word_1_778' title='bbox 2185 1996 2330 2027; x_wconf 71' lang='lat' dir='ltr'>obstante</span> <span class='ocrx_word' id='word_1_779' title='bbox 2358 2003 2456 2029; x_wconf 90' lang='lat' dir='ltr'>voto</span> <span class='ocrx_word' id='word_1_780' title='bbox 2468 1992 2604 2031; x_wconf 69' lang='lat' dir='ltr'>mtemni</span> 
     </span>
     <span class='ocr_line' id='line_1_106' title="bbox 1541 2037 2606 2088; baseline 0.005 -18"><span class='ocrx_word' id='word_1_781' title='bbox 1541 2039 1656 2079; x_wconf 88' lang='lat' dir='ltr'>prioris</span> <span class='ocrx_word' id='word_1_782' title='bbox 1670 2039 1841 2080; x_wconf 84' lang='lat' dir='ltr'>religionis,</span> <span class='ocrx_word' id='word_1_783' title='bbox 1855 2049 1921 2080; x_wconf 92' lang='lat' dir='ltr'>quo</span> <span class='ocrx_word' id='word_1_784' title='bbox 1938 2039 2137 2080; x_wconf 83' lang='lat' dir='ltr'>obligabatur</span> <span class='ocrx_word' id='word_1_785' title='bbox 2148 2050 2215 2071; x_wconf 88' lang='lat' dir='ltr'>non</span> <span class='ocrx_word' id='word_1_786' title='bbox 2230 2041 2338 2072; x_wconf 79' lang='lat' dir='ltr'>solum</span> <span class='ocrx_word' id='word_1_787' title='bbox 2351 2041 2432 2078; x_wconf 81' lang='lat' dir='ltr'>Deo,</span> <span class='ocrx_word' id='word_1_788' title='bbox 2444 2041 2501 2078; x_wconf 69' lang='lat' dir='ltr'>aed</span> <span class='ocrx_word' id='word_1_789' title='bbox 2514 2037 2606 2088; x_wconf 58' lang='lat' dir='ltr'>piat-</span> 
     </span>
     <span class='ocr_line' id='line_1_107' title="bbox 1540 2083 2447 2126; baseline 0.002 -12"><span class='ocrx_word' id='word_1_790' title='bbox 1540 2083 1611 2114; x_wconf 74' lang='lat' dir='ltr'>latIs</span> <span class='ocrx_word' id='word_1_791' title='bbox 1633 2083 1718 2115; x_wconf 88' lang='lat' dir='ltr'>illius</span> <span class='ocrx_word' id='word_1_792' title='bbox 1741 2083 1818 2124; x_wconf 87' lang='lat' dir='ltr'>relig</span> <span class='ocrx_word' id='word_1_793' title='bbox 1819 2083 1912 2120; x_wconf 87' lang='lat' dir='ltr'>ionis,</span> <span class='ocrx_word' id='word_1_794' title='bbox 1928 2091 1959 2115; x_wconf 89' lang='lat' dir='ltr'>et</span> <span class='ocrx_word' id='word_1_795' title='bbox 1982 2090 2047 2115; x_wconf 89' lang='lat' dir='ltr'>erat</span> <span class='ocrx_word' id='word_1_796' title='bbox 2062 2084 2106 2115; x_wconf 85' lang='lat' dir='ltr'>eis</span> <span class='ocrx_word' id='word_1_797' title='bbox 2128 2084 2178 2115; x_wconf 83' lang='lat' dir='ltr'>ius</span> <span class='ocrx_word' id='word_1_798' title='bbox 2193 2084 2385 2126; x_wconf 82' lang='lat' dir='ltr'>acquisitum</span> <span class='ocrx_word' id='word_1_799' title='bbox 2407 2085 2447 2116; x_wconf 89' lang='lat' dir='ltr'>de</span> 
     </span>
    </p>

    <p class='ocr_par' dir='ltr' id='par_1_31' title="bbox 1539 2126 2607 2920">
     <span class='ocr_line' id='line_1_108' title="bbox 1540 2126 2607 2168; baseline 0.004 -10"><span class='ocrx_word' id='word_1_800' title='bbox 1540 2127 1609 2164; x_wconf 89' lang='lat' dir='ltr'>illa;</span> <span class='ocrx_word' id='word_1_801' title='bbox 1634 2126 1707 2158; x_wconf 88' lang='lat' dir='ltr'>ideo</span> <span class='ocrx_word' id='word_1_802' title='bbox 1730 2127 1816 2168; x_wconf 86' lang='lat' dir='ltr'>Papa</span> <span class='ocrx_word' id='word_1_803' title='bbox 1839 2127 1974 2158; x_wconf 87' lang='lat' dir='ltr'>declarat</span> <span class='ocrx_word' id='word_1_804' title='bbox 1995 2127 2088 2159; x_wconf 89' lang='lat' dir='ltr'>illum</span> <span class='ocrx_word' id='word_1_805' title='bbox 2110 2138 2177 2159; x_wconf 90' lang='lat' dir='ltr'>non</span> <span class='ocrx_word' id='word_1_806' title='bbox 2200 2128 2446 2161; x_wconf 79' lang='lat' dir='ltr'>molestandum.</span> <span class='ocrx_word' id='word_1_807' title='bbox 2471 2128 2607 2162; x_wconf 78' lang='lat' dir='ltr'>Constat</span> 
     </span>
     <span class='ocr_line' id='line_1_109' title="bbox 1540 2169 2604 2213; baseline 0.003 -11"><span class='ocrx_word' id='word_1_808' title='bbox 1540 2181 1680 2212; x_wconf 85' lang='lat' dir='ltr'>namque</span> <span class='ocrx_word' id='word_1_809' title='bbox 1703 2171 1862 2202; x_wconf 88' lang='lat' dir='ltr'>evidenter</span> <span class='ocrx_word' id='word_1_810' title='bbox 1884 2171 1917 2202; x_wconf 93' lang='lat' dir='ltr'>in</span> <span class='ocrx_word' id='word_1_811' title='bbox 1933 2171 1989 2202; x_wconf 89' lang='lat' dir='ltr'>illo</span> <span class='ocrx_word' id='word_1_812' title='bbox 2013 2182 2087 2203; x_wconf 83' lang='lat' dir='ltr'>casu</span> <span class='ocrx_word' id='word_1_813' title='bbox 2109 2172 2224 2203; x_wconf 87' lang='lat' dir='ltr'>melius</span> <span class='ocrx_word' id='word_1_814' title='bbox 2251 2180 2283 2204; x_wconf 86' lang='lat' dir='ltr'>et</span> <span class='ocrx_word' id='word_1_815' title='bbox 2302 2172 2421 2213; x_wconf 79' lang='lat' dir='ltr'>gratius</span> <span class='ocrx_word' id='word_1_816' title='bbox 2444 2182 2512 2205; x_wconf 83' lang='lat' dir='ltr'>esse</span> <span class='ocrx_word' id='word_1_817' title='bbox 2532 2169 2604 2213; x_wconf 61' lang='grc' dir='ltr'>1)ξῲ</span> 
     </span>
     <span class='ocr_line' id='line_1_110' title="bbox 1540 2215 2606 2267; baseline 0.004 -21"><span class='ocrx_word' id='word_1_818' title='bbox 1540 2215 1732 2267; x_wconf 87' lang='lat' dir='ltr'>obsequium</span> <span class='ocrx_word' id='word_1_819' title='bbox 1755 2215 1788 2246; x_wconf 89' lang='lat' dir='ltr'>in</span> <span class='ocrx_word' id='word_1_820' title='bbox 1811 2215 1936 2246; x_wconf 83' lang='lat' dir='ltr'>meliori</span> <span class='ocrx_word' id='word_1_821' title='bbox 1960 2215 2121 2256; x_wconf 84' lang='lat' dir='ltr'>religione.</span> <span class='ocrx_word' id='word_1_822' title='bbox 2145 2216 2187 2247; x_wconf 91' lang='lat' dir='ltr'>Et</span> <span class='ocrx_word' id='word_1_823' title='bbox 2208 2223 2375 2257; x_wconf 75' lang='lat' dir='ltr'>propterea</span> <span class='ocrx_word' id='word_1_824' title='bbox 2405 2226 2472 2248; x_wconf 85' lang='lat' dir='ltr'>non</span> <span class='ocrx_word' id='word_1_825' title='bbox 2498 2216 2606 2260; x_wconf 63' lang='lat' dir='ltr'>requi-</span> 
     </span>
     <span class='ocr_line' id='line_1_111' title="bbox 1540 2259 2605 2303; baseline 0.003 -12"><span class='ocrx_word' id='word_1_826' title='bbox 1540 2260 1619 2291; x_wconf 91' lang='lat' dir='ltr'>ritur</span> <span class='ocrx_word' id='word_1_827' title='bbox 1641 2260 1811 2292; x_wconf 85' lang='lat' dir='ltr'>auctoritas</span> <span class='ocrx_word' id='word_1_828' title='bbox 1832 2259 2004 2301; x_wconf 81' lang='lat' dir='ltr'>superioris</span> <span class='ocrx_word' id='word_1_829' title='bbox 2028 2260 2264 2298; x_wconf 75' lang='lat' dir='ltr'>commutantis,</span> <span class='ocrx_word' id='word_1_830' title='bbox 2286 2262 2342 2292; x_wconf 89' lang='lat' dir='ltr'>sed</span> <span class='ocrx_word' id='word_1_831' title='bbox 2363 2261 2471 2293; x_wconf 71' lang='lat' dir='ltr'>sotum</span> <span class='ocrx_word' id='word_1_832' title='bbox 2493 2262 2605 2303; x_wconf 67' lang='lat' dir='ltr'>petiae</span> 
     </span>
     <span class='ocr_line' id='line_1_112' title="bbox 1539 2304 2605 2348; baseline 0.003 -12"><span class='ocrx_word' id='word_1_833' title='bbox 1539 2304 1684 2336; x_wconf 86' lang='lat' dir='ltr'>licentiae</span> <span class='ocrx_word' id='word_1_834' title='bbox 1706 2314 1765 2345; x_wconf 90' lang='lat' dir='ltr'>pro</span> <span class='ocrx_word' id='word_1_835' title='bbox 1788 2304 1969 2341; x_wconf 83' lang='lat' dir='ltr'>reverentia,</span> <span class='ocrx_word' id='word_1_836' title='bbox 1986 2311 2023 2335; x_wconf 93' lang='lat' dir='ltr'>ut</span> <span class='ocrx_word' id='word_1_837' title='bbox 2044 2305 2088 2336; x_wconf 90' lang='lat' dir='ltr'>ibi</span> <span class='ocrx_word' id='word_1_838' title='bbox 2111 2305 2236 2337; x_wconf 83' lang='lat' dir='ltr'>dicitur</span> <span class='ocrx_word' id='word_1_839' title='bbox 2249 2305 2354 2337; x_wconf 85' lang='lat' dir='ltr'>Ratio</span> <span class='ocrx_word' id='word_1_840' title='bbox 2377 2312 2484 2338; x_wconf 74' lang='lat' dir='ltr'>autem</span> <span class='ocrx_word' id='word_1_841' title='bbox 2506 2315 2605 2348; x_wconf 60' lang='lat' dir='ltr'>quate</span> 
     </span>
     <span class='ocr_line' id='line_1_113' title="bbox 1539 2348 2604 2400; baseline 0.002 -20"><span class='ocrx_word' id='word_1_842' title='bbox 1539 2355 1646 2400; x_wconf 74' lang='lat' dir='ltr'>potest</span> <span class='ocrx_word' id='word_1_843' title='bbox 1667 2348 1701 2378; x_wconf 89' lang='lat' dir='ltr'>in</span> <span class='ocrx_word' id='word_1_844' title='bbox 1724 2348 1778 2379; x_wconf 87' lang='lat' dir='ltr'>tali</span> <span class='ocrx_word' id='word_1_845' title='bbox 1802 2358 1875 2379; x_wconf 89' lang='lat' dir='ltr'>casu</span> <span class='ocrx_word' id='word_1_846' title='bbox 1899 2348 1972 2390; x_wconf 91' lang='lat' dir='ltr'>quis</span> <span class='ocrx_word' id='word_1_847' title='bbox 1995 2349 2208 2389; x_wconf 84' lang='lat' dir='ltr'>praeiudicare</span> <span class='ocrx_word' id='word_1_848' title='bbox 2238 2349 2383 2390; x_wconf 84' lang='lat' dir='ltr'>praelatis</span> <span class='ocrx_word' id='word_1_849' title='bbox 2406 2357 2437 2381; x_wconf 91' lang='lat' dir='ltr'>et</span> <span class='ocrx_word' id='word_1_850' title='bbox 2459 2350 2604 2399; x_wconf 75' lang='lat' dir='ltr'>religioni</span> 
     </span>
     <span class='ocr_line' id='line_1_114' title="bbox 1539 2387 2601 2434; baseline 0.002 -11"><span class='ocrx_word' id='word_1_851' title='bbox 1539 2393 1638 2434; x_wconf 90' lang='lat' dir='ltr'>priori</span> <span class='ocrx_word' id='word_1_852' title='bbox 1662 2399 1708 2423; x_wconf 89' lang='lat' dir='ltr'>est</span> <span class='ocrx_word' id='word_1_853' title='bbox 1731 2392 1805 2434; x_wconf 87' lang='lat' dir='ltr'>quia</span> <span class='ocrx_word' id='word_1_854' title='bbox 1833 2403 1898 2423; x_wconf 88' lang='lat' dir='ltr'>non</span> <span class='ocrx_word' id='word_1_855' title='bbox 1930 2399 2060 2433; x_wconf 89' lang='lat' dir='ltr'>propter</span> <span class='ocrx_word' id='word_1_856' title='bbox 2082 2393 2222 2434; x_wconf 88' lang='lat' dir='ltr'>seipsos,</span> <span class='ocrx_word' id='word_1_857' title='bbox 2246 2394 2301 2424; x_wconf 86' lang='lat' dir='ltr'>sed</span> <span class='ocrx_word' id='word_1_858' title='bbox 2323 2401 2455 2434; x_wconf 89' lang='lat' dir='ltr'>propter</span> <span class='ocrx_word' id='word_1_859' title='bbox 2475 2387 2601 2432; x_wconf 71' lang='lat' dir='ltr'>Deum,</span> 
     </span>
     <span class='ocr_line' id='line_1_115' title="bbox 1539 2436 2604 2487; baseline 0.004 -21"><span class='ocrx_word' id='word_1_860' title='bbox 1539 2437 1680 2478; x_wconf 87' lang='lat' dir='ltr'>praelato</span> <span class='ocrx_word' id='word_1_861' title='bbox 1696 2443 1728 2467; x_wconf 93' lang='lat' dir='ltr'>et</span> <span class='ocrx_word' id='word_1_862' title='bbox 1750 2436 1893 2487; x_wconf 90' lang='lat' dir='ltr'>religioni</span> <span class='ocrx_word' id='word_1_863' title='bbox 1910 2437 1980 2467; x_wconf 86' lang='lat' dir='ltr'>data</span> <span class='ocrx_word' id='word_1_864' title='bbox 2004 2443 2051 2468; x_wconf 85' lang='lat' dir='ltr'>est</span> <span class='ocrx_word' id='word_1_865' title='bbox 2065 2437 2203 2478; x_wconf 87' lang='lat' dir='ltr'>religiosi</span> <span class='ocrx_word' id='word_1_866' title='bbox 2221 2446 2372 2478; x_wconf 87' lang='lat' dir='ltr'>persona:</span> <span class='ocrx_word' id='word_1_867' title='bbox 2397 2444 2537 2479; x_wconf 79' lang='lat' dir='ltr'>propter</span> <span class='ocrx_word' id='word_1_868' title='bbox 2541 2439 2604 2470; x_wconf 84' lang='lat' dir='ltr'>hoc</span> 
     </span>
     <span class='ocr_line' id='line_1_116' title="bbox 1541 2480 2603 2514; baseline 0.002 -2"><span class='ocrx_word' id='word_1_869' title='bbox 1541 2481 1627 2512; x_wconf 85' lang='lat' dir='ltr'>enim</span> <span class='ocrx_word' id='word_1_870' title='bbox 1642 2480 1741 2511; x_wconf 86' lang='lat' dir='ltr'>solius</span> <span class='ocrx_word' id='word_1_871' title='bbox 1753 2481 1812 2511; x_wconf 89' lang='lat' dir='ltr'>Dei</span> <span class='ocrx_word' id='word_1_872' title='bbox 1828 2481 1907 2511; x_wconf 86' lang='lat' dir='ltr'>ratio</span> <span class='ocrx_word' id='word_1_873' title='bbox 1919 2481 2075 2512; x_wconf 73' lang='lat' dir='ltr'>habetur·</span> <span class='ocrx_word' id='word_1_874' title='bbox 2067 2491 2099 2512; x_wconf 82' lang='lat' dir='ltr'>in</span> <span class='ocrx_word' id='word_1_875' title='bbox 2114 2481 2301 2512; x_wconf 84' lang='lat' dir='ltr'>huiusmodi</span> <span class='ocrx_word' id='word_1_876' title='bbox 2313 2482 2603 2514; x_wconf 74' lang='lat' dir='ltr'>commutatione.—</span> 
     </span>
     <span class='ocr_line' id='line_1_117' title="bbox 1540 2523 2604 2568; baseline 0.001 -12"><span class='ocrx_word' id='word_1_877' title='bbox 1540 2525 1582 2556; x_wconf 92' lang='lat' dir='ltr'>Et</span> <span class='ocrx_word' id='word_1_878' title='bbox 1605 2524 1750 2566; x_wconf 85' lang='lat' dir='ltr'>quamvis</span> <span class='ocrx_word' id='word_1_879' title='bbox 1779 2531 1880 2556; x_wconf 89' lang='lat' dir='ltr'>textus</span> <span class='ocrx_word' id='word_1_880' title='bbox 1911 2525 1969 2555; x_wconf 89' lang='lat' dir='ltr'>iste</span> <span class='ocrx_word' id='word_1_881' title='bbox 1995 2535 2070 2556; x_wconf 85' lang='lat' dir='ltr'>sane</span> <span class='ocrx_word' id='word_1_882' title='bbox 2101 2525 2292 2565; x_wconf 82' lang='lat' dir='ltr'>intelligatur</span> <span class='ocrx_word' id='word_1_883' title='bbox 2320 2526 2442 2557; x_wconf 81' lang='lat' dir='ltr'>ratione</span> <span class='ocrx_word' id='word_1_884' title='bbox 2469 2523 2604 2568; x_wconf 67' lang='lat' dir='ltr'>impedi-</span> 
     </span>
     <span class='ocr_line' id='line_1_118' title="bbox 1540 2569 2602 2610; baseline 0.002 -10"><span class='ocrx_word' id='word_1_885' title='bbox 1540 2569 1649 2606; x_wconf 88' lang='lat' dir='ltr'>menti,</span> <span class='ocrx_word' id='word_1_886' title='bbox 1665 2569 1741 2610; x_wconf 87' lang='lat' dir='ltr'>quia</span> <span class='ocrx_word' id='word_1_887' title='bbox 1756 2569 1874 2600; x_wconf 88' lang='lat' dir='ltr'>scilicet</span> <span class='ocrx_word' id='word_1_888' title='bbox 1888 2575 2001 2600; x_wconf 88' lang='lat' dir='ltr'>votum</span> <span class='ocrx_word' id='word_1_889' title='bbox 2015 2569 2142 2600; x_wconf 86' lang='lat' dir='ltr'>laxioris</span> <span class='ocrx_word' id='word_1_890' title='bbox 2157 2569 2318 2610; x_wconf 84' lang='lat' dir='ltr'>religionis</span> <span class='ocrx_word' id='word_1_891' title='bbox 2333 2577 2380 2601; x_wconf 90' lang='lat' dir='ltr'>est</span> <span class='ocrx_word' id='word_1_892' title='bbox 2401 2570 2435 2601; x_wconf 89' lang='lat' dir='ltr'>in</span> <span class='ocrx_word' id='word_1_893' title='bbox 2449 2570 2513 2602; x_wconf 87' lang='lat' dir='ltr'>hoc</span> <span class='ocrx_word' id='word_1_894' title='bbox 2527 2580 2602 2607; x_wconf 62' lang='lat' dir='ltr'>enan</span> 
     </span>
     <span class='ocr_line' id='line_1_119' title="bbox 1540 2613 2604 2654; baseline 0.003 -11"><span class='ocrx_word' id='word_1_895' title='bbox 1540 2613 1763 2654; x_wconf 90' lang='lat' dir='ltr'>impeditivum</span> <span class='ocrx_word' id='word_1_896' title='bbox 1779 2613 1908 2644; x_wconf 88' lang='lat' dir='ltr'>maioris</span> <span class='ocrx_word' id='word_1_897' title='bbox 1930 2613 2026 2650; x_wconf 87' lang='lat' dir='ltr'>boni;</span> <span class='ocrx_word' id='word_1_898' title='bbox 2050 2613 2102 2644; x_wconf 92' lang='lat' dir='ltr'>alii</span> <span class='ocrx_word' id='word_1_899' title='bbox 2124 2621 2231 2644; x_wconf 87' lang='lat' dir='ltr'>tamen</span> <span class='ocrx_word' id='word_1_900' title='bbox 2246 2620 2349 2645; x_wconf 85' lang='lat' dir='ltr'>textus</span> <span class='ocrx_word' id='word_1_901' title='bbox 2373 2614 2459 2645; x_wconf 79' lang='lat' dir='ltr'>allati</span> <span class='ocrx_word' id='word_1_902' title='bbox 2473 2624 2540 2647; x_wconf 85' lang='lat' dir='ltr'>non</span> <span class='ocrx_word' id='word_1_903' title='bbox 2555 2615 2604 2647; x_wconf 85' lang='lat' dir='ltr'>lo-</span> 
     </span>
     <span class='ocr_line' id='line_1_120' title="bbox 1540 2657 2604 2702; baseline 0.001 -13"><span class='ocrx_word' id='word_1_904' title='bbox 1540 2665 1684 2700; x_wconf 91' lang='lat' dir='ltr'>quuntur</span> <span class='ocrx_word' id='word_1_905' title='bbox 1706 2657 1807 2697; x_wconf 87' lang='lat' dir='ltr'>magis</span> <span class='ocrx_word' id='word_1_906' title='bbox 1831 2658 1869 2688; x_wconf 87' lang='lat' dir='ltr'>de</span> <span class='ocrx_word' id='word_1_907' title='bbox 1884 2657 2136 2698; x_wconf 89' lang='lat' dir='ltr'>incompossibili</span> <span class='ocrx_word' id='word_1_908' title='bbox 2159 2658 2247 2688; x_wconf 89' lang='lat' dir='ltr'>bono</span> <span class='ocrx_word' id='word_1_909' title='bbox 2263 2667 2339 2688; x_wconf 89' lang='lat' dir='ltr'>cum</span> <span class='ocrx_word' id='word_1_910' title='bbox 2362 2657 2486 2689; x_wconf 87' lang='lat' dir='ltr'>meliori</span> <span class='ocrx_word' id='word_1_911' title='bbox 2504 2668 2604 2702; x_wconf 84' lang='lat' dir='ltr'>quam</span> 
     </span>
     <span class='ocr_line' id='line_1_121' title="bbox 1541 2701 2604 2742; baseline 0.001 -9"><span class='ocrx_word' id='word_1_912' title='bbox 1541 2703 1580 2733; x_wconf 86' lang='lat' dir='ltr'>de</span> <span class='ocrx_word' id='word_1_913' title='bbox 1604 2701 1822 2742; x_wconf 88' lang='lat' dir='ltr'>compossibili</span> <span class='ocrx_word' id='word_1_914' title='bbox 1852 2711 1926 2732; x_wconf 90' lang='lat' dir='ltr'>cum</span> <span class='ocrx_word' id='word_1_915' title='bbox 1949 2702 2080 2738; x_wconf 90' lang='lat' dir='ltr'>eodem,</span> <span class='ocrx_word' id='word_1_916' title='bbox 2107 2702 2161 2732; x_wconf 90' lang='lat' dir='ltr'>sed</span> <span class='ocrx_word' id='word_1_917' title='bbox 2185 2702 2288 2732; x_wconf 88' lang='lat' dir='ltr'>solam</span> <span class='ocrx_word' id='word_1_918' title='bbox 2318 2702 2604 2734; x_wconf 67' lang='lat' dir='ltr'>commutationem</span> 
     </span>
     <span class='ocr_line' id='line_1_122' title="bbox 1540 2745 2604 2787; baseline 0.001 -10"><span class='ocrx_word' id='word_1_919' title='bbox 1540 2747 1574 2777; x_wconf 90' lang='lat' dir='ltr'>in</span> <span class='ocrx_word' id='word_1_920' title='bbox 1597 2746 1711 2777; x_wconf 87' lang='lat' dir='ltr'>melius</span> <span class='ocrx_word' id='word_1_921' title='bbox 1734 2751 1876 2786; x_wconf 89' lang='lat' dir='ltr'>pensant,</span> <span class='ocrx_word' id='word_1_922' title='bbox 1897 2752 1932 2776; x_wconf 90' lang='lat' dir='ltr'>ut</span> <span class='ocrx_word' id='word_1_923' title='bbox 1955 2752 2041 2786; x_wconf 88' lang='lat' dir='ltr'>patet</span> <span class='ocrx_word' id='word_1_924' title='bbox 2062 2745 2207 2777; x_wconf 87' lang='lat' dir='ltr'>intuenti.</span> <span class='ocrx_word' id='word_1_925' title='bbox 2230 2746 2272 2777; x_wconf 89' lang='lat' dir='ltr'>Et</span> <span class='ocrx_word' id='word_1_926' title='bbox 2290 2753 2455 2787; x_wconf 83' lang='lat' dir='ltr'>propterea</span> <span class='ocrx_word' id='word_1_927' title='bbox 2474 2747 2604 2778; x_wconf 73' lang='lat' dir='ltr'>conclu*-</span> 
     </span>
     <span class='ocr_line' id='line_1_123' title="bbox 1541 2790 2604 2831; baseline 0.001 -10"><span class='ocrx_word' id='word_1_928' title='bbox 1541 2791 1683 2821; x_wconf 89' lang='lat' dir='ltr'>dendum</span> <span class='ocrx_word' id='word_1_929' title='bbox 1707 2796 1753 2820; x_wconf 92' lang='lat' dir='ltr'>est</span> <span class='ocrx_word' id='word_1_930' title='bbox 1775 2790 1864 2831; x_wconf 88' lang='lat' dir='ltr'>quod</span> <span class='ocrx_word' id='word_1_931' title='bbox 1895 2790 2108 2821; x_wconf 86' lang='lat' dir='ltr'>commutatio</span> <span class='ocrx_word' id='word_1_932' title='bbox 2129 2790 2164 2821; x_wconf 89' lang='lat' dir='ltr'>in</span> <span class='ocrx_word' id='word_1_933' title='bbox 2190 2790 2306 2822; x_wconf 85' lang='lat' dir='ltr'>melius</span> <span class='ocrx_word' id='word_1_934' title='bbox 2329 2800 2365 2821; x_wconf 85' lang='lat' dir='ltr'>ac</span> <span class='ocrx_word' id='word_1_935' title='bbox 2393 2791 2512 2831; x_wconf 75' lang='lat' dir='ltr'>gratius</span> <span class='ocrx_word' id='word_1_936' title='bbox 2533 2791 2604 2822; x_wconf 83' lang='lat' dir='ltr'>Deo</span> 
     </span>
     <span class='ocr_line' id='line_1_124' title="bbox 1541 2833 2604 2877; baseline 0.003 -12"><span class='ocrx_word' id='word_1_937' title='bbox 1541 2835 1700 2866; x_wconf 87' lang='lat' dir='ltr'>evidenter</span> <span class='ocrx_word' id='word_1_938' title='bbox 1722 2833 1789 2865; x_wconf 87' lang='lat' dir='ltr'>fieri</span> <span class='ocrx_word' id='word_1_939' title='bbox 1809 2840 1914 2874; x_wconf 89' lang='lat' dir='ltr'>potest</span> <span class='ocrx_word' id='word_1_940' title='bbox 1927 2834 1961 2864; x_wconf 91' lang='lat' dir='ltr'>in</span> <span class='ocrx_word' id='word_1_941' title='bbox 1984 2834 2067 2865; x_wconf 88' lang='lat' dir='ltr'>votis</span> <span class='ocrx_word' id='word_1_942' title='bbox 2090 2844 2127 2865; x_wconf 89' lang='lat' dir='ltr'>ex</span> <span class='ocrx_word' id='word_1_943' title='bbox 2147 2834 2221 2875; x_wconf 80' lang='lat' dir='ltr'>ipso</span> <span class='ocrx_word' id='word_1_944' title='bbox 2237 2841 2366 2866; x_wconf 77' lang='lat' dir='ltr'>naturae</span> <span class='ocrx_word' id='word_1_945' title='bbox 2388 2835 2468 2872; x_wconf 84' lang='lat' dir='ltr'>iure,</span> <span class='ocrx_word' id='word_1_946' title='bbox 2483 2836 2604 2877; x_wconf 74' lang='lat' dir='ltr'>absque</span> 
     </span>
     <span class='ocr_line' id='line_1_125' title="bbox 1541 2878 2146 2920; baseline 0 -10"><span class='ocrx_word' id='word_1_947' title='bbox 1541 2879 1602 2910; x_wconf 85' lang='lat' dir='ltr'>alia</span> <span class='ocrx_word' id='word_1_948' title='bbox 1624 2878 1795 2920; x_wconf 81' lang='lat' dir='ltr'>superioris</span> <span class='ocrx_word' id='word_1_949' title='bbox 1820 2878 2014 2910; x_wconf 87' lang='lat' dir='ltr'>auctoritate.</span> <span class='ocrx_word' id='word_1_950' title='bbox 2141 2886 2146 2891; x_wconf 82' lang='lat'>&#39;</span> 
     </span>
    </p>

    <p class='ocr_par' dir='ltr' id='par_1_32' title="bbox 1539 2921 2605 3218">
     <span class='ocr_line' id='line_1_126' title="bbox 1596 2921 2603 2964; baseline 0 -10"><span class='ocrx_word' id='word_1_951' title='bbox 1596 2923 1638 2954; x_wconf 91' lang='lat' dir='ltr'>Et</span> <span class='ocrx_word' id='word_1_952' title='bbox 1660 2921 1866 2954; x_wconf 85' lang='lat' dir='ltr'>confirmatur</span> <span class='ocrx_word' id='word_1_953' title='bbox 1893 2922 1966 2954; x_wconf 90' lang='lat' dir='ltr'>hoc.</span> <span class='ocrx_word' id='word_1_954' title='bbox 1997 2921 2161 2960; x_wconf 87' lang='lat' dir='ltr'>Quoniam</span> <span class='ocrx_word' id='word_1_955' title='bbox 2184 2922 2209 2953; x_wconf 88' lang='lat' dir='ltr'>si</span> <span class='ocrx_word' id='word_1_956' title='bbox 2240 2922 2312 2964; x_wconf 90' lang='lat' dir='ltr'>quis</span> <span class='ocrx_word' id='word_1_957' title='bbox 2342 2922 2480 2954; x_wconf 86' lang='lat' dir='ltr'>vovisset</span> <span class='ocrx_word' id='word_1_958' title='bbox 2509 2922 2603 2955; x_wconf 85' lang='lat' dir='ltr'>alicui</span> 
     </span>
     <span class='ocr_line' id='line_1_127' title="bbox 1541 2966 2604 3003; baseline 0 -5"><span class='ocrx_word' id='word_1_959' title='bbox 1541 2973 1641 2998; x_wconf 85' lang='lat' dir='ltr'>certae</span> <span class='ocrx_word' id='word_1_960' title='bbox 1665 2967 1811 2998; x_wconf 86' lang='lat' dir='ltr'>ecclesiae</span> <span class='ocrx_word' id='word_1_961' title='bbox 1828 2967 1939 2998; x_wconf 88' lang='lat' dir='ltr'>offerre</span> <span class='ocrx_word' id='word_1_962' title='bbox 1963 2967 2072 2998; x_wconf 88' lang='lat' dir='ltr'>decem</span> <span class='ocrx_word' id='word_1_963' title='bbox 2095 2975 2187 3003; x_wconf 81' lang='lat' dir='ltr'>oves3</span> <span class='ocrx_word' id='word_1_964' title='bbox 2208 2973 2239 2998; x_wconf 87' lang='lat' dir='ltr'>et</span> <span class='ocrx_word' id='word_1_965' title='bbox 2262 2976 2371 2998; x_wconf 86' lang='lat' dir='ltr'>curam</span> <span class='ocrx_word' id='word_1_966' title='bbox 2393 2967 2544 2998; x_wconf 69' lang='lat' dir='ltr'>habentes</span> <span class='ocrx_word' id='word_1_967' title='bbox 2566 2966 2604 2998; x_wconf 82' lang='lat' dir='ltr'>il-</span> 
     </span>
     <span class='ocr_line' id='line_1_128' title="bbox 1539 3010 2605 3052; baseline 0 -10"><span class='ocrx_word' id='word_1_968' title='bbox 1539 3011 1601 3042; x_wconf 89' lang='lat' dir='ltr'>lius</span> <span class='ocrx_word' id='word_1_969' title='bbox 1625 3011 1781 3048; x_wconf 89' lang='lat' dir='ltr'>ecclesiae,</span> <span class='ocrx_word' id='word_1_970' title='bbox 1797 3021 1863 3042; x_wconf 90' lang='lat' dir='ltr'>non</span> <span class='ocrx_word' id='word_1_971' title='bbox 1887 3011 2017 3051; x_wconf 88' lang='lat' dir='ltr'>praelati</span> <span class='ocrx_word' id='word_1_972' title='bbox 2040 3016 2147 3041; x_wconf 84' lang='lat' dir='ltr'>tamen</span> <span class='ocrx_word' id='word_1_973' title='bbox 2169 3010 2322 3048; x_wconf 80' lang='lat' dir='ltr'>voventis,</span> <span class='ocrx_word' id='word_1_974' title='bbox 2343 3020 2403 3052; x_wconf 90' lang='lat' dir='ltr'>pro</span> <span class='ocrx_word' id='word_1_975' title='bbox 2426 3011 2551 3042; x_wconf 85' lang='lat' dir='ltr'>meliori</span> <span class='ocrx_word' id='word_1_976' title='bbox 2573 3018 2605 3043; x_wconf 76' lang='lat' dir='ltr'>et</span> 
     </span>
     <span class='ocr_line' id='line_1_129' title="bbox 1539 3054 2602 3096; baseline 0 -10"><span class='ocrx_word' id='word_1_977' title='bbox 1539 3055 1640 3095; x_wconf 83' lang='lat' dir='ltr'>magis</span> <span class='ocrx_word' id='word_1_978' title='bbox 1663 3055 1840 3096; x_wconf 88' lang='lat' dir='ltr'>expedienti</span> <span class='ocrx_word' id='word_1_979' title='bbox 1859 3055 2018 3086; x_wconf 87' lang='lat' dir='ltr'>evidenter</span> <span class='ocrx_word' id='word_1_980' title='bbox 2039 3054 2195 3092; x_wconf 77' lang='lat' dir='ltr'>ecclesiae,</span> <span class='ocrx_word' id='word_1_981' title='bbox 2214 3062 2357 3096; x_wconf 88' lang='lat' dir='ltr'>peterent</span> <span class='ocrx_word' id='word_1_982' title='bbox 2378 3061 2416 3086; x_wconf 89' lang='lat' dir='ltr'>ut</span> <span class='ocrx_word' id='word_1_983' title='bbox 2436 3055 2525 3087; x_wconf 81' lang='lat' dir='ltr'>daret</span> <span class='ocrx_word' id='word_1_984' title='bbox 2547 3055 2602 3093; x_wconf 73' lang='lat' dir='ltr'>eia,</span> 
     </span>
     <span class='ocr_line' id='line_1_130' title="bbox 1539 3099 2605 3141; baseline 0.002 -11"><span class='ocrx_word' id='word_1_985' title='bbox 1539 3099 1626 3130; x_wconf 90' lang='lat' dir='ltr'>verbi</span> <span class='ocrx_word' id='word_1_986' title='bbox 1648 3099 1756 3139; x_wconf 85' lang='lat' dir='ltr'>gratia,</span> <span class='ocrx_word' id='word_1_987' title='bbox 1773 3106 1903 3131; x_wconf 89' lang='lat' dir='ltr'>centum</span> <span class='ocrx_word' id='word_1_988' title='bbox 1924 3108 2056 3131; x_wconf 82' lang='lat' dir='ltr'>aureos:</span> <span class='ocrx_word' id='word_1_989' title='bbox 2081 3099 2152 3141; x_wconf 88' lang='lat' dir='ltr'>quis</span> <span class='ocrx_word' id='word_1_990' title='bbox 2177 3099 2257 3131; x_wconf 83' lang='lat' dir='ltr'>adeo</span> <span class='ocrx_word' id='word_1_991' title='bbox 2281 3099 2437 3140; x_wconf 82' lang='lat' dir='ltr'>desiperet</span> <span class='ocrx_word' id='word_1_992' title='bbox 2465 3106 2502 3131; x_wconf 84' lang='lat' dir='ltr'>ut</span> <span class='ocrx_word' id='word_1_993' title='bbox 2524 3099 2605 3132; x_wconf 76' lang='lat' dir='ltr'>diee-</span> 
     </span>
     <span class='ocr_line' id='line_1_131' title="bbox 1539 3143 2602 3184; baseline 0.001 -10"><span class='ocrx_word' id='word_1_994' title='bbox 1539 3150 1585 3175; x_wconf 93' lang='lat' dir='ltr'>ret</span> <span class='ocrx_word' id='word_1_995' title='bbox 1609 3150 1755 3183; x_wconf 88' lang='lat' dir='ltr'>oportere</span> <span class='ocrx_word' id='word_1_996' title='bbox 1771 3144 1880 3175; x_wconf 86' lang='lat' dir='ltr'>adesse</span> <span class='ocrx_word' id='word_1_997' title='bbox 1898 3150 2086 3184; x_wconf 81' lang='lat' dir='ltr'>potestatem</span> <span class='ocrx_word' id='word_1_998' title='bbox 2102 3143 2231 3184; x_wconf 77' lang='lat' dir='ltr'>praelati</span> <span class='ocrx_word' id='word_1_999' title='bbox 2250 3144 2290 3175; x_wconf 83' lang='lat' dir='ltr'>ad</span> <span class='ocrx_word' id='word_1_1000' title='bbox 2305 3143 2492 3176; x_wconf 85' lang='lat' dir='ltr'>huiusmodi</span> <span class='ocrx_word' id='word_1_1001' title='bbox 2513 3153 2602 3175; x_wconf 79' lang='lat' dir='ltr'>eom·</span> 
     </span>
     <span class='ocr_line' id='line_1_132' title="bbox 1540 3185 1772 3218; baseline 0 -1"><span class='ocrx_word' id='word_1_1002' title='bbox 1540 3185 1772 3218; x_wconf 85' lang='lat' dir='ltr'>mutationem?</span> 
     </span>
    </p>

    <p class='ocr_par' dir='ltr' id='par_1_33' title="bbox 1537 3230 2602 3538">
     <span class='ocr_line' id='line_1_133' title="bbox 1594 3230 2602 3272; baseline 0 -11"><span class='ocrx_word' id='word_1_1003' title='bbox 1594 3231 1636 3261; x_wconf 95' lang='lat' dir='ltr'>Et</span> <span class='ocrx_word' id='word_1_1004' title='bbox 1658 3230 1863 3262; x_wconf 82' lang='lat' dir='ltr'>confirmatur</span> <span class='ocrx_word' id='word_1_1005' title='bbox 1881 3231 2018 3271; x_wconf 87' lang='lat' dir='ltr'>amplius</span> <span class='ocrx_word' id='word_1_1006' title='bbox 2037 3231 2099 3263; x_wconf 90' lang='lat' dir='ltr'>hoc</span> <span class='ocrx_word' id='word_1_1007' title='bbox 2122 3241 2159 3262; x_wconf 92' lang='lat' dir='ltr'>ex</span> <span class='ocrx_word' id='word_1_1008' title='bbox 2174 3231 2383 3272; x_wconf 85' lang='lat' dir='ltr'>responsione</span> <span class='ocrx_word' id='word_1_1009' title='bbox 2404 3231 2445 3262; x_wconf 86' lang='lat' dir='ltr'>ad</span> <span class='ocrx_word' id='word_1_1010' title='bbox 2460 3231 2602 3272; x_wconf 84' lang='lat' dir='ltr'>primurn</span> 
     </span>
     <span class='ocr_line' id='line_1_134' title="bbox 1538 3274 2602 3316; baseline 0.001 -11"><span class='ocrx_word' id='word_1_1011' title='bbox 1538 3275 1571 3305; x_wconf 89' lang='lat' dir='ltr'>in</span> <span class='ocrx_word' id='word_1_1012' title='bbox 1594 3275 1656 3305; x_wconf 88' lang='lat' dir='ltr'>hoc</span> <span class='ocrx_word' id='word_1_1013' title='bbox 1679 3274 1821 3311; x_wconf 87' lang='lat' dir='ltr'>articulo,</span> <span class='ocrx_word' id='word_1_1014' title='bbox 1838 3275 1903 3311; x_wconf 92' lang='lat' dir='ltr'>ubi,</span> <span class='ocrx_word' id='word_1_1015' title='bbox 1930 3275 2074 3316; x_wconf 77' lang='lat' dir='ltr'>quamvis</span> <span class='ocrx_word' id='word_1_1016' title='bbox 2097 3277 2219 3306; x_wconf 87' lang='lat' dir='ltr'>Auctor</span> <span class='ocrx_word' id='word_1_1017' title='bbox 2241 3275 2274 3306; x_wconf 89' lang='lat' dir='ltr'>in</span> <span class='ocrx_word' id='word_1_1018' title='bbox 2298 3284 2432 3316; x_wconf 82' lang='lat' dir='ltr'>corpore</span> <span class='ocrx_word' id='word_1_1019' title='bbox 2453 3274 2602 3306; x_wconf 79' lang='lat' dir='ltr'>determi-</span> 
     </span>
     <span class='ocr_line' id='line_1_135' title="bbox 1538 3318 2602 3360; baseline 0.001 -11"><span class='ocrx_word' id='word_1_1020' title='bbox 1538 3319 1659 3350; x_wconf 86' lang='lat' dir='ltr'>naverit</span> <span class='ocrx_word' id='word_1_1021' title='bbox 1680 3318 1796 3360; x_wconf 83' lang='lat' dir='ltr'>requiri</span> <span class='ocrx_word' id='word_1_1022' title='bbox 1819 3325 2010 3359; x_wconf 85' lang='lat' dir='ltr'>potestatem</span> <span class='ocrx_word' id='word_1_1023' title='bbox 2033 3320 2161 3360; x_wconf 78' lang='lat' dir='ltr'>praelati</span> <span class='ocrx_word' id='word_1_1024' title='bbox 2183 3319 2217 3350; x_wconf 88' lang='lat' dir='ltr'>in</span> <span class='ocrx_word' id='word_1_1025' title='bbox 2240 3319 2484 3355; x_wconf 80' lang='lat' dir='ltr'>commutando,</span> <span class='ocrx_word' id='word_1_1026' title='bbox 2507 3319 2602 3350; x_wconf 80' lang='lat' dir='ltr'>ratio-</span> 
     </span>
     <span class='ocr_line' id='line_1_136' title="bbox 1538 3362 2602 3404; baseline 0 -11"><span class='ocrx_word' id='word_1_1027' title='bbox 1538 3373 1613 3394; x_wconf 88' lang='lat' dir='ltr'>nem</span> <span class='ocrx_word' id='word_1_1028' title='bbox 1635 3363 1738 3394; x_wconf 90' lang='lat' dir='ltr'>reddit</span> <span class='ocrx_word' id='word_1_1029' title='bbox 1760 3372 1858 3404; x_wconf 85' lang='lat' dir='ltr'>quare</span> <span class='ocrx_word' id='word_1_1030' title='bbox 1888 3373 1954 3393; x_wconf 91' lang='lat' dir='ltr'>non</span> <span class='ocrx_word' id='word_1_1031' title='bbox 1977 3364 2146 3404; x_wconf 90' lang='lat' dir='ltr'>requiritur</span> <span class='ocrx_word' id='word_1_1032' title='bbox 2175 3364 2305 3404; x_wconf 86' lang='lat' dir='ltr'>praelati</span> <span class='ocrx_word' id='word_1_1033' title='bbox 2334 3362 2503 3394; x_wconf 84' lang='lat' dir='ltr'>auctoritas</span> <span class='ocrx_word' id='word_1_1034' title='bbox 2526 3373 2602 3394; x_wconf 88' lang='lat' dir='ltr'>curn</span> 
     </span>
     <span class='ocr_line' id='line_1_137' title="bbox 1538 3407 2602 3449; baseline 0.001 -12"><span class='ocrx_word' id='word_1_1035' title='bbox 1538 3414 1754 3438; x_wconf 89' lang='lat' dir='ltr'>commutatur</span> <span class='ocrx_word' id='word_1_1036' title='bbox 1767 3414 1881 3438; x_wconf 87' lang='lat' dir='ltr'>votum</span> <span class='ocrx_word' id='word_1_1037' title='bbox 1897 3407 1929 3437; x_wconf 91' lang='lat' dir='ltr'>in</span> <span class='ocrx_word' id='word_1_1038' title='bbox 1946 3407 2142 3446; x_wconf 87' lang='lat' dir='ltr'>religionem,</span> <span class='ocrx_word' id='word_1_1039' title='bbox 2158 3417 2225 3439; x_wconf 87' lang='lat' dir='ltr'>non</span> <span class='ocrx_word' id='word_1_1040' title='bbox 2241 3408 2316 3449; x_wconf 88' lang='lat' dir='ltr'>quia</span> <span class='ocrx_word' id='word_1_1041' title='bbox 2334 3407 2525 3439; x_wconf 84' lang='lat' dir='ltr'>canonicum</span> <span class='ocrx_word' id='word_1_1042' title='bbox 2540 3407 2602 3438; x_wconf 90' lang='lat' dir='ltr'>hoc</span> 
     </span>
     <span class='ocr_line' id='line_1_138' title="bbox 1537 3451 2601 3492; baseline 0 -10"><span class='ocrx_word' id='word_1_1043' title='bbox 1537 3451 1660 3491; x_wconf 83' lang='lat' dir='ltr'>excipit,</span> <span class='ocrx_word' id='word_1_1044' title='bbox 1678 3452 1733 3482; x_wconf 89' lang='lat' dir='ltr'>sed</span> <span class='ocrx_word' id='word_1_1045' title='bbox 1756 3451 1831 3492; x_wconf 84' lang='lat' dir='ltr'>quia</span> <span class='ocrx_word' id='word_1_1046' title='bbox 1848 3452 2051 3491; x_wconf 76' lang='lat' dir='ltr'>particulare</span> <span class='ocrx_word' id='word_1_1047' title='bbox 2079 3452 2256 3483; x_wconf 81' lang='lat' dir='ltr'>includitur</span> <span class='ocrx_word' id='word_1_1048' title='bbox 2277 3452 2309 3482; x_wconf 85' lang='lat' dir='ltr'>in</span> <span class='ocrx_word' id='word_1_1049' title='bbox 2333 3452 2521 3483; x_wconf 74' lang='lat' dir='ltr'>universali.</span> <span class='ocrx_word' id='word_1_1050' title='bbox 2553 3451 2601 3482; x_wconf 88' lang='lat' dir='ltr'>Si-</span> 
     </span>
     <span class='ocr_line' id='line_1_139' title="bbox 1538 3495 2601 3538; baseline 0 -12"><span class='ocrx_word' id='word_1_1051' title='bbox 1538 3495 1621 3526; x_wconf 89' lang='lat' dir='ltr'>milis</span> <span class='ocrx_word' id='word_1_1052' title='bbox 1645 3495 1731 3538; x_wconf 83' lang='lat' dir='ltr'>enim</span> <span class='ocrx_word' id='word_1_1053' title='bbox 1747 3502 1794 3526; x_wconf 89' lang='lat' dir='ltr'>est</span> <span class='ocrx_word' id='word_1_1054' title='bbox 1816 3495 1895 3526; x_wconf 89' lang='lat' dir='ltr'>ratio</span> <span class='ocrx_word' id='word_1_1055' title='bbox 1919 3495 2113 3537; x_wconf 89' lang='lat' dir='ltr'>ubicumque</span> <span class='ocrx_word' id='word_1_1056' title='bbox 2129 3495 2289 3526; x_wconf 69' lang='lat' dir='ltr'>evidenter</span> <span class='ocrx_word' id='word_1_1057' title='bbox 2303 3495 2335 3526; x_wconf 90' lang='lat' dir='ltr'>in</span> <span class='ocrx_word' id='word_1_1058' title='bbox 2351 3495 2466 3526; x_wconf 87' lang='lat' dir='ltr'>melius</span> <span class='ocrx_word' id='word_1_1059' title='bbox 2488 3502 2520 3526; x_wconf 87' lang='lat' dir='ltr'>et</span> <span class='ocrx_word' id='word_1_1060' title='bbox 2533 3505 2601 3535; x_wconf 77' lang='lat' dir='ltr'>gra-</span> 
     </span>
    </p>
   </div>
   <div class='ocr_carea' id='block_1_26' title="bbox 2821 960 2844 1109">
    <p class='ocr_par' dir='ltr' id='par_1_34' title="bbox 2821 960 2844 1109">
     <span class='ocr_line' id='line_1_140' title="bbox 2821 960 2844 1109; textangle 90"><span class='ocrx_word' id='word_1_1061' title='bbox 2821 1020 2844 1109; x_wconf 60' lang='lat' dir='ltr'><strong>·Lx&#39;l</strong></span> <span class='ocrx_word' id='word_1_1062' title='bbox 2834 960 2839 967; x_wconf 47' lang='grc' dir='ltr'><em>ι</em></span> 
     </span>
    </p>
   </div>
   <div class='ocr_carea' id='block_1_27' title="bbox 2630 2002 2844 2104">
    <p class='ocr_par' dir='ltr' id='par_1_35' title="bbox 2630 2002 2844 2104">
     <span class='ocr_line' id='line_1_141' title="bbox 2632 2002 2841 2031; baseline -0.005 -4.876"><span class='ocrx_word' id='word_1_1063' title='bbox 2632 2002 2692 2026; x_wconf 71' lang='lat' dir='ltr'>&#39;Cf-</span> <span class='ocrx_word' id='word_1_1064' title='bbox 2705 2008 2756 2031; x_wconf 68' lang='lat' dir='ltr'>oep.</span> <span class='ocrx_word' id='word_1_1065' title='bbox 2768 2003 2841 2030; x_wconf 81' lang='lat' dir='ltr'>Sane,</span> 
     </span>
     <span class='ocr_line' id='line_1_142' title="bbox 2630 2029 2844 2104; baseline -0.005 -26"><span class='ocrx_word' id='word_1_1066' title='bbox 2630 2029 2844 2104; x_wconf 52' lang='lat' dir='ltr'>{ms</span> 
     </span>
    </p>
   </div>
   <div class='ocr_carea' id='block_1_28' title="bbox 2827 2836 2860 4244">
    <p class='ocr_par' dir='ltr' id='par_1_36' title="bbox 2827 2836 2860 4244">
     <span class='ocr_line' id='line_1_143' title="bbox 2827 2836 2860 4244; baseline 0 0"><span class='ocrx_word' id='word_1_1067' title='bbox 2827 2836 2860 4244; x_wconf 95' lang='lat' dir='ltr'> </span> 
     </span>
    </p>
   </div>
  </div>
 </body>
</html>
