2860 4244
411 297 480 333 160

1042 290 1307 339 QUAESTIO
1343 289 1554 336 LXXVIII,
1582 288 1878 325 ARTICULUS
1909 289 1939 324 11

1067 394 1397 427 Commentaria
1421 391 1671 424 Cardinalis
1693 391 1892 424 Caietani

434 483 453 503 N
478 471 609 503 articulo
634 469 773 501 secundo
798 467 940 498 eiusdem
964 465 1345 506 septuagesimaeoctavae
1368 471 1463 503 quae-

407 486 556 551 Istionis,
581 514 659 545 scito
683 514 762 544 duas
781 511 934 542 notabiles
950 510 1072 550 regulas
1096 509 1128 538 in
1151 508 1253 538 littera
1277 506 1367 537 tradi.
1392 506 1464 537 Una

405 567 466 591 est:
491 559 651 599 Expetere
669 561 803 598 propter·
816 559 961 585 mutuum
979 553 1101 594 aliquid
1110 553 1252 592 pecunia
1267 550 1464 582 aestimabile

405 610 440 634 ut
461 604 598 634 debitum
623 611 664 632 ex
686 601 880 641 obligatione
902 607 957 628 seu
976 602 1085 638 pacto,
1109 597 1205 627 tacite
1229 596 1279 626 vel
1300 604 1461 635 expresse,

404 653 450 679 est
473 656 583 678 usura.
622 645 727 676 Altera
749 650 810 674 est:
835 643 996 683 Expetere
1012 646 1148 681 propter
1169 645 1314 671 mutuum
1339 644 1369 669 et
1400 640 1465 669 exi-

403 701 483 733 gere
505 690 765 725 benevolentiam,
787 693 816 717 et
834 687 1054 727 quodcumque
1070 690 1105 716 ut
1121 694 1163 715 ex
1176 684 1394 715 benevolentia
1410 683 1465 713 de—

404 736 514 772 bitum,
539 744 600 764 non
626 738 672 764 est
689 737 870 772 peccatum,
895 730 951 761 sed
974 730 1106 760 licitum.
1138 729 1179 759 Et
1202 727 1358 769 quoniam
1381 727 1463 757 mul-

403 787 473 810 tum
502 777 595 808 refert
624 786 718 807 nosse
748 776 822 806 istas
852 775 885 804 in
909 773 1094 810 universali,
1119 779 1150 804 et
1173 773 1250 803 scire
1273 772 1323 802 vel
1347 771 1464 802 nescire
1490 774 1491 783 ¹

404 833 454 853 eas
477 822 633 862 applicare
656 821 695 851 ad
720 829 809 850 casus
833 818 1045 859 particulares,
1070 817 1225 858 quoniam
1249 816 1323 846 hinc
1346 816 1465 846 multae

403 866 497 897 falsae
521 865 697 896 solutiones
721 873 867 894 emanare
889 862 1051 898 videntur;
1082 862 1173 898 ideo,
1197 868 1234 892 ut
1260 859 1465 891 consulamus
1490 884 1492 894 ,

403 910 580 940 multorum
602 908 735 949 ingeniis
759 907 974 943 debilioribus,
999 906 1147 936 afferendi
1169 912 1243 936 sunt
1262 914 1362 940 casuS,
1380 914 1466 935 sum-

403 954 500 984 marie
523 961 640 990 tamen,
665 962 702 983 ex
725 952 841 992 quibus
865 951 955 982 facile
979 950 1136 981 credimus
1159 960 1253 990 posse
1273 948 1402 989 reliquis
1419 958 1466 978 sa-

404 997 522 1029 tisfieri.

460 1042 664 1079 Quaeruntur
687 1050 762 1080 ergo
786 1040 873 1071 haec.
901 1042 953 1070 An
977 1038 1093 1070 scilicet
1115 1044 1266 1069 mutuans
1289 1036 1407 1068 rustico
1431 1042 1467 1066 ut

405 1086 487 1117 colat
512 1095 624 1126 agrum
647 1084 822 1115 mutuantis
846 1084 932 1114 salva
955 1082 1037 1114 iusta
1060 1082 1203 1112 mercede
1227 1092 1300 1118 sua,
1325 1081 1365 1111 sit
1392 1090 1467 1111 usu—

404 1130 514 1161 rarius.
538 1147 559 1153 —
582 1130 623 1160 Et
646 1139 687 1159 an
710 1135 861 1159 mutuans
886 1127 979 1157 alicui
1002 1133 1038 1157 ut
1059 1127 1152 1156 vadat
1176 1126 1216 1156 ad
1238 1125 1379 1161 furnum,
1397 1134 1466 1154 mo-

404 1174 589 1210 lendinum,
614 1173 755 1209 scholas,
780 1171 956 1207 officinam,
982 1179 1012 1202 et
1039 1170 1242 1206 huiusmodi,
1274 1168 1466 1204 mutuantis,

404 1219 489 1249 salva
512 1218 655 1248 similiter
677 1217 759 1247 iusta
774 1216 931 1251 mercede,
955 1215 994 1246 sit
1017 1214 1190 1246 usurarius.
1210 1231 1229 1237 -
1248 1216 1300 1244 An
1315 1220 1467 1244 mutuans

405 1262 628 1293 communitati
650 1268 695 1297 ut,
721 1261 854 1291 durante
870 1266 995 1295 mutuo,
1019 1269 1086 1290 non
1105 1265 1248 1289 teneatur
1264 1258 1303 1288 ad
1321 1257 1467 1288 collectas

405 1307 445 1337 ad
468 1316 546 1347 quas
570 1306 622 1336 alii
646 1311 806 1341 tenentur,
831 1303 870 1334 sit
893 1303 1064 1334 usurarius.
1089 1321 1110 1326 -
1133 1305 1184 1333 An
1209 1309 1359 1332 mutuans
1383 1300 1467 1341 prin-

406 1351 467 1391 cipi
491 1358 526 1381 ut
550 1350 646 1381 donet
668 1349 718 1379 vel
740 1348 855 1379 vendat
879 1346 1038 1378 mutuanti
1060 1347 1121 1377 tale
1146 1345 1304 1382 officium,
1329 1344 1368 1375 sit
1391 1354 1467 1375 usu-

405 1395 514 1425 rarius.
539 1412 558 1416 -
582 1396 634 1425 An
658 1399 808 1423 mutuans
831 1398 866 1422 ut
890 1391 1020 1431 accipiat
1041 1391 1067 1420 is
1092 1390 1142 1420 cui
1162 1396 1288 1420 mutuat
1311 1388 1467 1419 debitores

404 1439 454 1469 vel
477 1448 525 1469 res
548 1437 733 1473 mutuantis,
758 1437 797 1467 sit
819 1435 990 1466 usurarius.
1014 1452 1036 1458 —
1059 1436 1110 1464 An
1134 1441 1284 1465 mutuans
1308 1431 1465 1472 naviganti

406 1490 441 1513 ut
464 1482 641 1522 periculum
665 1481 770 1511 mutui
797 1479 962 1510 transferat
984 1479 1017 1509 in
1041 1485 1242 1509 mutuantem
1265 1483 1466 1517 recepturum

406 1537 443 1557 ex
465 1527 552 1557 salvo
572 1526 682 1557 itinere
701 1526 836 1561 lucrum,
853 1524 892 1554 sit
908 1523 1080 1554 usurarius.
1105 1540 1125 1546 -
1149 1525 1200 1552 An
1224 1528 1375 1552 mutuans
1398 1530 1467 1561 per-

406 1571 543 1601 secutori
567 1577 603 1600 ut
625 1579 691 1600 non
714 1575 804 1599 vexet
827 1574 1037 1604 mutuantem,
1061 1566 1102 1597 sit
1124 1566 1296 1597 usurarius.

461 1615 551 1652 Quae
579 1614 619 1644 ad
649 1623 779 1644 examen
811 1612 966 1643 dictarum
995 1611 1176 1651 regularum
1207 1610 1233 1640 si
1260 1610 1465 1644 reducantur,

406 1659 496 1690 facile
519 1658 695 1689 solvuntur.
727 1658 811 1688 Nam
834 1666 871 1687 ex
894 1665 932 1686 eo
964 1655 1053 1696 quod
1079 1654 1236 1695 quidquid
1259 1653 1394 1694 pecunia
1418 1662 1468 1683 ae-

408 1703 564 1734 stimabile
593 1702 710 1743 petitur
739 1707 869 1741 propter
895 1706 1046 1730 mutuum
1075 1708 1112 1729 ex
1142 1698 1335 1738 obligatione
1365 1696 1467 1733 civili,

407 1746 588 1778 usurarium
605 1753 664 1782 est;
686 1753 716 1776 et
732 1752 855 1776 constat
871 1744 1098 1784 obligationem
1114 1743 1154 1773 ad
1170 1743 1341 1773 colendum
1357 1751 1469 1781 agrum

409 1792 492 1822 salva
516 1791 597 1821 iusta
621 1790 780 1826 mercede,
811 1796 842 1820 et
869 1788 1010 1819 similiter
1040 1788 1079 1817 ad
1110 1787 1315 1827 coquendum
1345 1785 1378 1816 in
1406 1785 1468 1816 hoc

408 1835 519 1872 furno,
544 1835 732 1865 molendum
754 1834 787 1863 in
810 1834 868 1864 hac
891 1832 994 1868 mola,
1018 1831 1211 1861 visitandum
1242 1831 1298 1861 has
1322 1829 1447 1860 scholas
1461 1852 1468 1865 ,

409 1879 580 1910 emendum
610 1889 647 1909 ex
670 1879 727 1909 hac
751 1877 892 1913 officina,
918 1886 984 1906 non
1007 1875 1242 1915 imponendum
1269 1874 1347 1904 mihi
1375 1874 1468 1904 colle-

409 1931 484 1960 ctas,
509 1923 696 1954 donandum
718 1922 768 1952 vel
783 1921 984 1951 vendendum
1002 1919 1154 1955 officium,
1179 1919 1218 1949 ad
1241 1918 1469 1958 acceptandum

408 1967 564 1998 debitores
586 1967 637 1997 vel
660 1976 708 1996 res
731 1966 865 2001 venales,
890 1965 929 1994 ad
953 1963 1142 1994 solvendum
1166 1969 1365 1993 contractum
1387 1971 1469 1992 asse-

410 2010 598 2046 curationis,
624 2020 690 2040 esse
719 2010 838 2050 aliquid
869 2008 1002 2049 pecunia
1031 2007 1241 2043 aestimabile,
1265 2017 1332 2038 non
1363 2006 1470 2037 minus

409 2065 507 2097 quam
530 2054 758 2094 obligationem
780 2054 820 2084 ad
843 2052 1107 2084 remutuandum:
1139 2061 1336 2091 consequens
1360 2057 1407 2081 est
1435 2057 1471 2081 ut

409 2109 505 2130 usura
524 2099 563 2129 sit
584 2098 617 2128 in
634 2098 784 2128 omnibus
808 2097 973 2138 praedictis
988 2103 1018 2127 et
1034 2095 1189 2126 similibus
1205 2095 1338 2132 casibus,
1355 2094 1470 2125 ultimo

409 2150 556 2183 excepto,
581 2149 726 2173 mutuare
749 2149 785 2172 ut
809 2151 845 2171 ex
868 2147 961 2182 pacto
985 2141 1080 2171 tacito
1104 2139 1154 2170 vel
1178 2149 1325 2179 expresso
1349 2138 1469 2179 obliga-

409 2188 509 2219 tiones
533 2186 719 2217 huiusmodi
742 2186 940 2227 proveniant.
964 2186 1030 2215 Nec
1054 2190 1100 2214 est
1122 2183 1304 2223 vagandum
1328 2189 1412 2213 extra
1431 2183 1471 2213 ad

408 2231 582 2262 videndum
595 2231 619 2260 si
631 2231 756 2261 lucrum
773 2230 903 2271 aliquod
919 2229 1001 2260 ultra
1016 2235 1134 2259 sortem
1150 2227 1309 2259 mutuanti
1326 2227 1469 2258 advenit:

409 2276 442 2306 in
465 2281 616 2316 promptu
634 2275 720 2305 enim
736 2281 782 2305 est
805 2275 930 2305 lucrum
955 2274 1037 2304 ultra
1052 2279 1179 2308 sortem,
1198 2272 1315 2303 scilicet
1330 2271 1398 2312 ipsa
1414 2272 1470 2302 ob-

410 2319 519 2360 ligatio
550 2319 589 2349 ad
611 2319 687 2349 haec
715 2319 906 2349 faciendum.
939 2318 980 2348 Et
1007 2317 1204 2357 penultimus
1234 2326 1324 2347 casus
1347 2315 1471 2346 videtur

411 2373 477 2395 esse
501 2363 540 2393 ad
562 2363 697 2394 litteram
726 2373 815 2393 casus
835 2363 956 2403 primus
976 2361 1100 2402 positus
1125 2361 1158 2390 in
1178 2371 1245 2401 cap.
1269 2361 1469 2401 Naviganti‚

410 2409 516 2443 Extra,
539 2407 578 2437 de
601 2407 725 2438 Usuris.

466 2452 499 2481 In
524 2451 638 2481 ultimo
663 2457 770 2481 autem
793 2460 876 2486 casu,
902 2451 940 2480 de
964 2456 1078 2480 mutuo
1103 2449 1186 2479 facto
1211 2448 1420 2488 persecutori,
1446 2449 1472 2479 si

411 2495 587 2536 persecutio
611 2502 657 2526 est
679 2495 810 2531 iniusta,
836 2494 1000 2525 manifeste
1023 2500 1109 2534 patet
1130 2493 1219 2534 quod
1243 2499 1289 2523 est
1319 2492 1471 2523 redimere

412 2550 504 2571 suam
526 2540 738 2570 vexationem:
764 2549 820 2570 nec
844 2538 963 2580 aliquid
986 2538 1064 2568 lucri
1087 2537 1215 2573 accedit,
1242 2537 1296 2567 sed
1320 2536 1471 2576 obligatio

412 2585 452 2614 ad
475 2593 539 2614 non
564 2584 758 2619 nocendum,
783 2583 822 2613 ad
845 2593 943 2624 quam
967 2588 1149 2622 persecutor
1172 2587 1306 2618 tenetur,
1330 2581 1355 2611 si
1378 2581 1473 2611 iudex

413 2628 534 2658 adesset
550 2634 662 2668 potens
686 2637 806 2668 cogere,
825 2634 882 2658 etc.
903 2627 935 2658 Si
959 2633 1065 2657 autem
1084 2625 1262 2666 persecutio
1282 2632 1362 2656 esset
1380 2625 1472 2662 iusta,

414 2679 444 2703 et
459 2682 495 2702 ex
518 2678 632 2702 mutuo
649 2672 821 2712 exigeretur
844 2681 943 2707 amor,
961 2677 991 2701 et
1014 2670 1139 2700 interim
1155 2669 1368 2700 misericordia
1387 2669 1473 2708 prin-

414 2716 506 2756 cipis,
531 2716 586 2756 qui
615 2722 720 2756 potest
750 2715 888 2746 amando
919 2714 1074 2745 misereri:
1104 2723 1181 2744 cum
1209 2713 1285 2743 haec
1315 2723 1381 2744 non
1411 2713 1473 2744 sint

413 2760 547 2800 pecunia
562 2759 774 2796 aestimabilia,
787 2759 910 2791 licitum
923 2765 1014 2795 esset,
1026 2758 1113 2789 iuxta
1129 2758 1302 2788 secundam
1314 2758 1472 2798 regulam3

414 2805 494 2834 sicut
510 2804 604 2834 etiam
620 2803 742 2834 licitum
757 2810 804 2834 est
819 2814 856 2834 ex
871 2811 986 2834 mutuo
1002 2802 1123 2842 exigere
1135 2801 1391 2833 benevolentiam
1408 2802 1474 2832 eius

414 2857 511 2889 quem
526 2848 607 2879 iuste
622 2848 673 2878 vel
696 2848 811 2878 iniuste
828 2848 1031 2883 offenderam,
1048 2847 1158 2877 eadem
1180 2845 1313 2877 ratione.
1343 2846 1384 2877 Et
1407 2856 1473 2876 non

415 2892 520 2922 solum
534 2892 657 2923 licitum
681 2899 726 2922 est
748 2892 850 2932 ipsam
873 2890 1126 2922 benevolentiam
1142 2900 1179 2920 ex
1202 2897 1317 2921 mutuo
1333 2890 1473 2931 exigere,

417 2937 470 2966 sed
486 2937 714 2976 quodcumque
730 2945 766 2966 ex
781 2935 1000 2967 benevolentia
1015 2935 1214 2976 provenienS,
1227 2941 1473 2975 quantumcum-

416 2990 478 3021 que
493 2980 679 3020 pretiosum,
692 2989 825 3010 munus:
851 2987 886 3011 ut
901 2980 1002 3011 littera
1018 2979 1051 3010 in
1067 2978 1275 3019 responsione
1290 2979 1330 3009 ad
1347 2978 1474 3010 tertium

417 3033 558 3064 expresse
582 3024 666 3054 dicit.
690 3024 737 3054 Ex
760 3034 825 3064 quo
850 3031 935 3065 patet
950 3024 1039 3065 quod
1055 3023 1080 3053 si
1104 3023 1176 3063 quis
1191 3023 1225 3053 in
1249 3022 1398 3054 omnibus
1423 3033 1475 3053 su-

417 3067 563 3107 pradictis
578 3074 703 3098 mutuat
726 3068 877 3107 exigendo
892 3067 1159 3103 benevolentiam
1185 3077 1239 3098 seu
1260 3077 1296 3097 ex
1319 3067 1475 3098 benevolo

418 3110 539 3147 affectu,
564 3121 630 3141 non
649 3111 739 3151 quasi
763 3121 800 3142 ex
823 3111 1015 3151 obligatione
1039 3118 1093 3142 aut
1115 3117 1208 3151 pacto
1232 3111 1327 3141 tacito
1350 3111 1401 3141 vel
1424 3121 1475 3141 ex-

418 3165 536 3194 presso,
554 3154 624 3195 quis
640 3154 732 3185 faciat
747 3155 933 3195 supradicta,
959 3154 1075 3185 scilicet
1090 3155 1173 3185 colat
1188 3164 1308 3194 agrum,
1327 3161 1357 3185 et
1371 3154 1477 3185 veniat

419 3199 458 3229 ad
482 3198 611 3234 molam,
629 3204 703 3229 etc.:
728 3208 794 3228 non
818 3205 864 3228 est
886 3205 1060 3238 peccatum.

477 3242 645 3282 Fugientes
669 3248 776 3272 autem
799 3248 970 3282 utrumque
987 3242 1131 3278 modum,
1149 3248 1179 3272 et
1202 3242 1386 3272 reducentes
1402 3251 1477 3272 con-

420 3293 555 3317 tractum
578 3285 682 3316 mutui
706 3286 745 3316 ad
768 3286 878 3323 donec,
897 3286 958 3316 hoc
977 3292 1038 3316 est:
1055 3287 1171 3316 Mutuo
1187 3285 1242 3315 tibi
1256 3285 1356 3315 donec
1372 3286 1478 3316 venies

421 3330 463 3360 ad
478 3330 620 3371 furnum
645 3339 760 3367 meum,
785 3330 885 3360 donec
907 3329 1050 3370 officium
1074 3339 1094 3359 a
1118 3334 1148 3359 te
1169 3329 1279 3366 habeo,
1304 3329 1404 3359 donec
1427 3338 1477 3359 co-

423 3375 522 3404 lueris
545 3384 662 3415 agrum
688 3384 811 3411 meum,
836 3381 865 3404 et
894 3373 1094 3409 huiusmodi,
1119 3373 1217 3403 sciant
1244 3372 1348 3412 primo
1372 3372 1477 3413 quod,

422 3418 494 3448 licet
517 3427 553 3448 ex
576 3418 679 3448 forma
703 3424 880 3449 contractus
904 3417 944 3448 sit
974 3417 1192 3448 determinatio
1220 3416 1371 3456 temporis
1395 3416 1479 3446 solu-

423 3461 518 3492 tionis
541 3462 775 3498 tantummodo,
801 3469 830 3492 et
854 3467 1083 3502 consequenter
1106 3461 1193 3491 nulla
1215 3460 1368 3491 iniustitia
1390 3460 1481 3491 inter-

423 3505 542 3541 veniat,
567 3506 621 3535 sed
644 3505 741 3544 gratia
764 3505 1002 3545 expectationis;
1034 3505 1059 3535 si
1082 3511 1189 3535 tamen
1211 3503 1247 3535 fit
1269 3511 1305 3535 ut
1328 3504 1366 3535 sit
1389 3504 1479 3545 quasi

424 3549 555 3579 tacitum
570 3556 698 3588 pactum
715 3549 873 3588 obligandi
890 3550 928 3579 ad
948 3549 1023 3580 haec
1043 3549 1144 3579 donec
1160 3548 1296 3584 solverit,
1313 3558 1407 3579 usura
1424 3555 1480 3579 est.

425 3593 465 3623 Et
481 3594 558 3623 bene
576 3594 698 3623 adverte
718 3593 804 3633 quod
820 3593 896 3623 istae
909 3592 1170 3624 concomitantiae
1186 3592 1371 3623 reflexarum
1387 3592 1480 3623 actio-

1516 471 1596 492 num
1620 468 1784 502 suspectae
1807 469 1882 492 sunt
1904 461 2099 502 quandoque
2123 460 2161 490 de
2184 469 2290 496 usura,
2315 467 2351 491 ut
2373 459 2494 492 dictum
2517 467 2580 497 est,

1517 512 1547 536 et
1570 505 1795 536 inexcusabiles
1824 505 2037 546 quandoque:
2070 511 2106 535 ut
2137 514 2211 535 cum
2240 503 2312 545 quis
2340 511 2466 535 mutuat
2494 514 2581 535 acce-

1517 549 1619 590 ptanti
1642 549 1744 580 malos
1768 549 1924 580 debitores
1949 548 2124 580 mutuantis
2148 555 2202 579 aut
2225 557 2273 578 res
2297 547 2422 578 difficile
2444 548 2581 584 venales,

1517 593 1651 624 dicendo
1675 603 1740 624 non
1764 600 1894 634 propter
1909 600 2060 625 mutuum
2085 603 2118 623 se
2141 593 2262 632 exigere
2286 591 2472 622 huiusmodi
2496 602 2581 622 acee-

1517 637 1674 678 ptationes
1691 639 1729 668 ab
1746 647 1784 668 eo
1802 638 1853 668 cui
1869 644 2007 676 mutuat,
2027 637 2091 674 sed,
2109 647 2184 668 cum
2200 646 2267 667 non
2282 642 2428 667 teneatur
2442 635 2494 666 isti
2509 645 2582 666 mu-

1517 689 1614 718 tuare,
1639 691 1706 712 non
1728 682 1796 712 vult
1819 688 1965 713 mutuare
1988 682 2048 712 nisi
2071 681 2235 722 accipienti
2251 681 2285 711 in
2301 690 2334 711 se
2357 680 2431 711 talia
2449 679 2518 710 iura
2532 680 2583 711 vel

1515 726 1593 757 tales
1609 735 1667 756 res.
1691 726 1764 756 Hoc
1779 726 1865 756 enim
1884 726 1962 756 nihil
1977 725 2063 756 aliud
2080 732 2127 756 est
2149 735 2248 766 quam
2267 725 2386 756 dicere:
2411 724 2496 755 Nolo
2512 733 2582 755 mu-

1517 776 1612 801 tuare
1640 770 1703 800 nisi
1725 770 1843 800 volenti
1865 770 2069 811 damnificari
2091 770 2129 800 ob
2153 779 2255 800 meam
2280 769 2468 806 utilitatem,
2493 767 2583 809 quod

1518 821 1564 845 est
1587 813 1776 845 usurarium.
1807 814 1848 844 Et
1869 813 1955 844 idem
1978 820 2025 844 est
2055 814 2093 844 de
2121 813 2277 844 similibus
2304 813 2468 844 iudicium.
2502 811 2584 843 Sunt

1518 858 1604 889 enim
1627 857 1865 888 adinventiones
1888 857 1966 888 istae
1981 857 2182 898 palliantium
2205 866 2281 888 suos
2305 863 2494 893 contractus,
2512 856 2583 897 qui-

1518 904 1577 933 bus
1593 902 1783 943 opprimunt
1797 909 1939 942 petentes
1955 907 2107 932 mutuum
2123 902 2162 932 ab
2179 901 2233 938 eis,
2247 901 2488 942 respondendo:
2506 901 2582 931 Mu-

1518 947 1613 978 tuabo
1637 947 1693 977 tibi
1715 947 1907 987 quingentos
1922 947 1955 976 in
1971 947 2120 983 nummis,
2145 951 2175 976 et
2197 947 2390 986 quingentos
2413 946 2446 975 in
2465 945 2583 975 talibus

1519 992 1642 1022 iuribus
1653 1001 1708 1022 seu
1726 991 1839 1021 rebus:
1859 997 1889 1020 et
1905 989 1948 1020 sic
1964 990 2098 1020 miscent
2113 996 2267 1020 mutuum
2281 989 2438 1031 emptioni
2453 995 2582 1019 coactae

1518 1042 1648 1076 propter
1672 1042 1823 1066 mutuum
1837 1034 2097 1075 'quingentorum
2120 1033 2154 1064 in
2176 1033 2315 1064 veritate.
2345 1033 2388 1064 Et
2410 1033 2476 1063 duo
2499 1032 2584 1063 mala

1520 1080 1741 1111 committunt:
1766 1079 1907 1119 primum
1930 1086 1976 1109 est
1999 1078 2087 1120 quod
2104 1084 2223 1118 cogunt
2237 1084 2343 1108 emere
2363 1082 2496 1117 propter
2512 1085 2584 1106 mu-

1519 1130 1628 1163 tuum3
1654 1124 1840 1160 secundum,
1857 1123 1947 1164 quod
1970 1123 2063 1153 etiam
2080 1122 2112 1152 in
2128 1122 2221 1153 rebus
2237 1120 2459 1152 damnificatur
2473 1120 2584 1151 exinde

1520 1168 1646 1209 petitor.
1663 1169 1704 1199 Et
1719 1167 1859 1208 primurn
1876 1167 2007 1208 quidem
2023 1176 2156 1207 semper,
2172 1166 2352 1197 secundum
2367 1171 2476 1196 autem
2491 1173 2584 1204 saepe

1520 1212 1682 1252 contingit.
1717 1213 1791 1242 Ideo
1816 1222 1882 1242 non
1905 1212 1993 1248 licet,
2018 1211 2114 1242 etiam
2137 1211 2163 1241 si
2186 1220 2235 1241 res
2258 1210 2396 1251 optimas
2420 1208 2510 1239 facile
2532 1218 2585 1239 ve·

1519 1256 1605 1287 nales
1630 1263 1755 1296 cogeret
1778 1265 1897 1286 emere:
1922 1256 2078 1296 quoniam
2101 1255 2169 1296 ipsa
2189 1254 2342 1295 obligatio
2366 1252 2503 1290 emendi,
2528 1262 2583 1283 seu

1520 1300 1658 1339 obligata
1681 1300 1812 1340 emptio,
1837 1299 2043 1330 excrescentia
2066 1306 2112 1330 est
2135 1299 2294 1331 usurariae
2317 1297 2488 1338 pravitatis.

1576 1344 1612 1374 ΙΙ.
1638 1344 1673 1374 In
1703 1343 1911 1384 responsione
1941 1344 1980 1374 ad
2008 1343 2150 1384 primum
2180 1349 2354 1374 tractantur
2384 1341 2450 1372 duo
2481 1340 2584 1381 capita

1519 1388 1746 1429 quaestionum
1762 1387 1793 1418 in
1810 1387 1940 1418 materia
1955 1397 2079 1424 usurae,
2097 1387 2215 1418 scilicet
2237 1388 2393 1417 damnum
2409 1392 2583 1425 emergens,

1519 1439 1550 1463 et
1573 1432 1699 1462 lucrum
1723 1440 1862 1462 cessans:
1887 1438 1918 1462 et
1940 1431 2027 1462 iuxta
2050 1431 2174 1471 singula
2196 1431 2365 1462 traduntur
2375 1429 2523 1470 ‘singulae
2537 1438 2585 1459 re·

1519 1476 1623 1517 gulae.
1647 1476 1753 1507 Altera
1776 1482 1823 1506 est
1846 1476 1935 1516 quod
1957 1476 2110 1506 damnum
2130 1484 2300 1516 emergens
2319 1484 2361 1505 ex
2378 1479 2490 1505 mutuo
2513 1474 2586 1504 licet

1520 1526 1669 1561 expetere
1691 1520 1731 1551 ab
1745 1529 1781 1551 eo
1805 1521 1857 1551 cui
1875 1525 2063 1551 mutuatur:
2084 1520 2160 1560 quia
2176 1529 2218 1550 ex
2233 1519 2383 1560 beneficio
2400 1519 2504 1549 mutui
2520 1527 2584 1550 non

1520 1565 1610 1596 debet
1632 1564 1785 1595 damnum
1810 1565 1987 1595 incurrere.
2018 1563 2159 1595 Altera*
2182 1570 2228 1594 est
2251 1563 2340 1604 quod
2368 1563 2496 1593 lucrum
2520 1571 2585 1592 ces—

1519 1619 1597 1640 sans
1624 1619 1666 1639 ex
1688 1609 1748 1639 hoc
1776 1608 1860 1649 quod
1882 1609 1922 1639 de
1945 1609 2087 1648 pecunia
2118 1617 2214 1648 quam
2239 1611 2366 1638 mutuat
2393 1615 2456 1637 non
2478 1608 2587 1647 poten

1521 1654 1662 1691 lucrari,
1688 1663 1751 1683 non
1779 1653 1853 1683 licet
1875 1658 2043 1692 expetere:
2071 1653 2147 1692 quia
2178 1661 2242 1682 non
2272 1651 2364 1682 debet
2390 1650 2530 1682 vendere
2553 1650 2587 1681 id

1520 1698 1605 1738 quod
1628 1707 1690 1728 non
1714 1697 1807 1728 habet
1830 1702 1860 1727 et
1876 1702 1982 1737 potest
2005 1697 2225 1736 multipliciter
2248 1695 2407 1736 impediri.
2436 1695 2479 1726 Et
2497 1704 2587 1735 quo·

1520 1742 1607 1773 niam
1629 1741 1787 1783 quidquid
1810 1741 1926 1782 petitur
1941 1741 2062 1772 ratione
2078 1741 2227 1771 interesse
2251 1741 2291 1770 ad
2313 1740 2391 1770 haec
2410 1739 2476 1770 duo
2492 1739 2587 1770 redu-

1521 1786 1609 1822 citur,
1634 1792 1761 1826 oportet
1784 1785 1839 1816 has
1862 1785 1986 1825 regulas
2010 1785 2160 1826 applicari
2184 1785 2224 1815 ad
2248 1794 2348 1820 casus,
2373 1789 2404 1814 et
2428 1793 2464 1814 ex
2479 1782 2523 1814 eis
2538 1792 2587 1814 re-

1521 1837 1609 1861 ctum
1632 1837 1663 1861 et
1686 1829 1855 1870 obliquum
1878 1836 2065 1860 monstrare.

1574 1874 1622 1904 Ex
1645 1873 1745 1915 prima
1768 1883 1908 1914 namque
1931 1873 2055 1913 regula:
2080 1890 2101 1895 —
2124 1872 2157 1903 in
2185 1881 2249 1913 qua
2279 1871 2345 1902 duo
2375 1877 2452 1902 nota
2473 1871 2585 1902 verba:

1521 1918 1647 1959 primo,
1671 1917 1760 1958 quod
1789 1918 1944 1948 damnum
1967 1917 2008 1947 sit
2031 1916 2164 1947 alicuius
2187 1917 2278 1957 quod
2299 1915 2394 1946 habet
2415 1915 2467 1945 vel
2494 1915 2588 1946 debet

1521 1963 1650 1999 habere;
1675 1962 1826 1998 secundo,
1844 1972 1885 1992 ex
1900 1966 2021 1998 mutuo,
2038 1961 2128 2002 quod
2150 1960 2268 1992 scilicet
2290 1960 2448 1990 damnum
2461 1969 2500 1991 ex
2514 1969 2586 1992 mu-

1522 2007 1665 2038 tuatione
1687 2006 1769 2037 facta
1790 2006 1841 2036 vel
1865 2005 2007 2036 facienda
2028 2005 2210 2044 proveniat:
2234 2021 2255 2027 -
2279 2013 2317 2034 ex
2339 2003 2413 2040 hac,
2436 2003 2586 2045 inquam,

1522 2051 1630 2091 regula
1660 2050 1761 2091 liquet
1790 2050 1880 2091 quod
1901 2050 2042 2080 vendens
2071 2059 2146 2080 cum
2169 2058 2229 2080 suo
2260 2048 2379 2079 damno
2409 2057 2523 2088 agrum
2552 2054 2590 2081 ut

1521 2101 1655 2131 mutuet,
1672 2094 1756 2126 licite
1779 2093 2107 2134 recompensationem
2123 2092 2193 2124 talis
2217 2091 2325 2123 damni
2341 2091 2430 2132 petit.
2447 2109 2468 2115 -
2483 2091 2525 2123 Et
2547 2091 2587 2123 si-

1521 2139 1638 2175 militer
1660 2138 1685 2169 si
1709 2138 1780 2180 quis
1804 2145 1946 2178 acceptas
1970 2138 2029 2168 sub
2046 2137 2150 2168 usuris
2173 2137 2324 2178 pecunias
2348 2143 2384 2167 ut
2406 2135 2495 2167 alteri
2518 2140 2588 2167 sue-

1522 2190 1641 2220 currat,
1665 2189 1809 2219 mutuat,
1833 2182 1918 2213 licite
1941 2191 1973 2212 se
1996 2182 2181 2212 indemnem
2204 2187 2306 2212 servat
2336 2179 2498 2223 (quamvis
2525 2180 2590 2212 hoc

1520 2228 1628 2268 potius
1657 2227 1696 2258 sit
1725 2237 1783 2268 pro
1808 2226 1896 2257 socio
1920 2226 1978 2256 sub
2002 2226 2123 2262 usuris,
2149 2225 2280 2256 nomine
2303 2231 2411 2256 tamen
2433 2224 2588 2266 proptio,

1521 2271 1661 2312 accipere
1677 2281 1732 2302 seu
1748 2270 1881 2302 retinere
1896 2280 1994 2311 quam
2009 2277 2165 2307 mutuare,
2179 2270 2357 2301 secundum
2370 2267 2589 2313 veritatem),-

1522 2315 1671 2348 Similiter
1694 2315 1719 2346 si
1739 2315 1811 2356 quis
1835 2322 1871 2346 ut
1894 2314 2037 2346 debitum
2060 2313 2258 2345 fideiussioni
2280 2313 2405 2350 faceret,
2429 2313 2520 2355 quod
2542 2319 2590 2354 est

1521 2359 1753 2401 interpretative
1777 2366 1923 2390 mutuare
1939 2359 2074 2390 debitori
2093 2369 2152 2400 pro
2167 2369 2234 2401 quo
2250 2357 2412 2395 fideiussit,
2433 2351 2590 2390 damnula

1522 2404 1662 2441 incurrit,
1678 2404 1760 2435 licite
1784 2403 1872 2444 petit.
1889 2421 1907 2426 —
1923 2403 1965 2434 Et
1987 2403 2142 2444 quoniam
2159 2404 2315 2434 damnum
2330 2408 2378 2433 est
2399 2402 2444 2433 rei
2459 2401 2519 2433 sibi
2535 2401 2589 2433 de-

1522 2449 1605 2480 bitae
1629 2448 1767 2484 amissio,
1793 2457 1859 2478 non
1876 2454 1922 2478 est
1944 2447 2025 2478 inter
2047 2447 2165 2478 damna
2187 2446 2443 2487 computandum
2465 2446 2589 2477 solvere

1523 2493 1670 2524 collectas
1692 2502 1710 2522 a
1733 2492 1875 2532 principe
1897 2491 1948 2522 vel
1970 2492 2200 2522 communitate
2220 2491 2386 2531 impositas
2409 2490 2461 2521 vel
2481 2490 2589 2531 impo-

1523 2537 1643 2568 nendas
1667 2536 1843 2567 secundum
1866 2535 2002 2566 iustitiae
2025 2535 2239 2566 distributivae
2262 2535 2429 2566 rationem.
2453 2535 2519 2566 Nec
2542 2541 2589 2567 est

1523 2581 1633 2612 vitatio
1650 2580 1758 2611 damni
1774 2580 1922 2611 relevatio
1938 2590 1956 2610 a
1972 2579 2147 2611 solutione:
2165 2579 2320 2620 quoniam
2340 2589 2406 2609 non
2421 2578 2528 2610 debita
2542 2585 2590 2610 est

1524 2625 1652 2656 subdito
1676 2624 1851 2655 sublevatio
1876 2624 1914 2654 ab
1937 2624 1999 2654 hoc
2022 2633 2127 2660 onere,
2153 2624 2254 2654 immo
2278 2629 2402 2654 tenetur
2425 2623 2521 2654 talem
2537 2630 2589 2654 so-

1522 2670 1681 2701 lutionem
1710 2669 1819 2700 facere.
1851 2668 1892 2698 Et
1921 2674 2087 2709 propterea
2118 2667 2294 2698 sublevatio
2325 2666 2513 2698 huiusmodi
2543 2673 2590 2698 est

1522 2715 1603 2745 inter
1625 2714 1712 2744 lucra
1735 2713 1968 2753 computanda:
1994 2712 2075 2743 sicut
2104 2711 2130 2742 si
2159 2712 2374 2743 absolveretur
2397 2722 2415 2742 a
2438 2711 2590 2743 creditore

1524 2759 1563 2789 de
1587 2757 1645 2788 sibi
1668 2757 1785 2788 debito.
1809 2757 1850 2787 Et
1872 2756 1948 2787 haec
1972 2756 2104 2787 dixerim
2125 2762 2243 2787 utnon
2259 2755 2376 2786 fallaris
2398 2756 2437 2786 ab
2456 2755 2518 2786 illis
2532 2755 2591 2797 qui

1525 2809 1638 2843 putant
1661 2802 1723 2832 hoc
1747 2811 1813 2832 esse
1828 2801 2013 2832 vitationem
2029 2800 2150 2831 damni:
2177 2800 2258 2831 clare
2273 2799 2359 2830 enirn
2377 2799 2478 2841 liquet
2500 2799 2590 2842 quod

1526 2857 1593 2878 non
1616 2846 1737 2876 solvere
1752 2846 1841 2887 quod
1862 2852 1973 2876 teneor
1988 2851 2035 2876 est
2049 2844 2163 2875 lucrari
2181 2844 2261 2875 illud
2284 2844 2437 2875 debitum.
2455 2861 2474 2867 -
2490 2842 2592 2876 Com-

1525 2890 1706 2932 putandum
1730 2896 1776 2921 est
1799 2895 1907 2920 autem
1933 2889 2015 2920 infra
2037 2888 2238 2920 latitudinem
2268 2888 2377 2919 damni
2402 2887 2591 2928 emergentis

1527 2935 1552 2966 si
1575 2941 1650 2975 post
1673 2943 1798 2964 moram
1821 2933 1962 2964 debentis
1981 2933 2143 2964 restituere
2159 2939 2320 2969 mutuum,
2337 2937 2472 2973 oportet
2494 2931 2591 2964 credi-

1526 2986 1631 3010 torem
1660 2979 1719 3009 sub
1743 2978 1847 3009 usuris
1869 2977 1958 3008 illam
1980 2977 2134 3018 pecuniae
2157 2977 2368 3018 quantitatem
2390 2976 2532 3017 accipere
2544 2982 2590 3007 1ἰιῐ

1527 3023 1672 3054 consulat
1701 3022 1795 3053 rebus
1826 3021 1907 3052 suis:
1940 3027 1971 3052 et
2000 3021 2158 3062 quidquid
2184 3030 2354 3052 usurarum
2382 3027 2459 3052 tunc
2481 3019 2592 3057 solvit,

1527 3074 1632 3108 potest
1651 3077 1669 3096 a
1688 3076 1747 3097 suo
1767 3066 1908 3097 debitore
1924 3066 2054 3106 exigere,
2075 3066 2101 3096 si
2119 3065 2318 3096 denuntiavit
2336 3065 2394 3096 sibi
2413 3064 2504 3106 quod
2523 3063 2530 3071 “
2556 3073 2590 3096 ee

1527 3112 1589 3143 tale
1612 3111 1749 3141 incurret
1768 3110 1923 3140 damnum
1945 3110 1970 3140 si
1986 3119 2052 3140 non
2067 3109 2195 3141 solverit
2217 3116 2362 3150 tempore
2378 3109 2495 3141 debito.
2552 3117 2592 3139 oc

1529 3155 1614 3186 enim
1638 3161 1685 3185 est
1707 3163 1779 3184 vere
1802 3154 1957 3184 damnum
1981 3163 2018 3184 ex
2041 3154 2170 3184 detento
2193 3160 2310 3185 mutuo
2335 3158 2445 3184 contra
2467 3151 2592 3184 domim

1528 3199 1726 3229 voluntatem
1749 3197 1948 3238 proveniens,
1973 3197 2089 3228 sciente
2113 3197 2284 3229 detentore.

1587 3243 1629 3272 Et
1651 3242 1690 3272 de
1713 3241 1868 3272 similibus
1890 3241 1940 3271 his
1962 3241 2095 3272 recitatis
2117 3241 2205 3271 idern
2228 3248 2274 3272 est
2296 3240 2462 3272 iudicium.

1586 3286 1637 3316 111.
1662 3285 1753 3316 Circa
1769 3285 1941 3316 secundam
1964 3291 2072 3315 autem
2087 3285 2230 3325 regulam
2244 3285 2262 3304 *
2281 3285 2417 3316 dubium
2439 3283 2591 3320 occurrit,

1531 3329 1607 3370 quia
1635 3329 1759 3360 videtur
1782 3328 1875 3365 falsa,
1901 3335 1931 3359 et
1961 3335 2070 3359 contra
2098 3331 2282 3360 Auctorem.
2318 3329 2410 3360 Falsa
2441 3327 2592 3369 quidem,

1531 3373 1685 3414 quoniam
1709 3379 1830 3403 constat
1853 3373 2030 3403 secundum
2050 3383 2162 3404 omnes
2185 3373 2275 3414 quod
2298 3379 2372 3414 post
2389 3381 2515 3402 moram
2538 3371 2592 3402 de—

1531 3416 1640 3448 bitoris
1662 3417 1735 3447 licet
1757 3423 1861 3456 petere
1884 3416 2032 3448 interesse
2055 3427 2122 3447 non
2138 3417 2245 3448 solum
2268 3415 2376 3447 damni
2394 3415 2592 3455 emergentis,

1532 3461 1586 3491 sed
1609 3461 1687 3491 lucri
1711 3461 1869 3491 cessantis.
1899 3461 2038 3491 Licitum
2062 3467 2108 3492 est
2132 3471 2206 3502 ergo
2231 3461 2386 3492 damnum
2409 3459 2498 3500 quod
2521 3459 2593 3500 quis

1533 3504 1662 3535 incurrit
1692 3514 1728 3534 ex
1751 3505 1813 3535 hoc
1842 3505 1930 3545 quod
1959 3505 1997 3536 de
2027 3505 2162 3545 pecunia
2189 3514 2255 3535 non
2280 3504 2436 3540 lucratur,
2461 3503 2592 3543 exigere.

1588 3549 1764 3585 Praeterea,
1789 3549 1965 3579 secundum
1989 3549 2109 3580 multos
2140 3548 2261 3579 licitum
2285 3554 2332 3578 est
2353 3547 2473 3578 volenti
2497 3557 2593 3587 pecu-

1533 3592 1620 3622 niam
1636 3603 1727 3623 suam
1746 3593 1951 3633 negotiationi
1972 3602 2137 3633 exponere,
2155 3602 2210 3622 seu
2228 3601 2331 3622 emere
2351 3601 2386 3622 ex
2402 3591 2455 3622 illa
2471 3601 2592 3631 agrum,

2613 1562 2623 1573 ⁸
2636 1564 2674 1588 Cf.
2691 1570 2755 1587 num.
2769 1570 2802 1586 nr.

2619 3289 2630 3301 ⁸
2638 3287 2710 3311 Nun.
2724 3288 2830 3316 praeced.
