2860 4244
442 244 512 292 176

1020 241 1283 289 QUAESTIO
1313 241 1470 288 LXXX,
1500 241 1794 279 ARTICULUS
1823 241 2009 279 UNICUS

1107 363 1437 395 Commentaria
1459 361 1708 394 cardinalis
1729 363 1930 396 Caietam

465 455 485 475 N
509 444 640 475 articulo
671 443 766 474 unico
797 442 988 484 quaestionis
1017 441 1230 480 octogesimae
1261 441 1396 471 dubium
1434 450 1485 471 oc-

438 457 560 519 Icurrit
591 488 670 519 circa
697 487 938 527 responsionem
967 486 1006 515 ad
1029 485 1188 525 primum,
1216 494 1275 524 pro
1299 491 1420 525 quanto
1445 484 1488 515 ibi

435 533 547 563 dicitur
576 532 664 572 quod
687 531 823 561 vindicta
851 540 932 571 quae
954 528 989 560 fit
1012 539 1030 559 a
1052 528 1155 559 iudice
1187 535 1306 569 spectat
1334 529 1374 559 ad
1402 538 1487 559 com-

434 576 620 607 mutativam
642 575 809 611 iustitiam,
840 573 976 604 vindicta
1000 579 1106 603 autern
1130 583 1227 614 quam
1251 573 1322 614 quis
1345 583 1363 603 a
1385 573 1489 603 iudice

433 620 563 661 requirit
592 619 726 660 pertinet
752 619 791 648 ad
813 618 962 648 virtutem
985 617 1181 653 adiunctam,
1205 617 1267 648 hoc
1291 623 1337 648 est
1360 617 1399 647 ad
1422 617 1488 647 vin-

435 663 633 695 dicationem.
663 662 795 693 Videtur
824 671 962 702 namque
992 661 1081 701 quod
1108 660 1250 702 implicet
1271 660 1488 702 repugnantia.

432 709 515 738 Nam
538 707 648 737 eadem
671 713 717 736 est
739 706 875 736 vindicta
903 715 1001 746 quam
1029 705 1100 745 quis
1122 705 1253 746 requirit
1275 715 1293 736 a
1315 705 1434 742 iudice,
1460 711 1490 735 et

433 761 530 792 quam
553 750 646 780 iudex
668 749 750 780 facit.
775 750 816 780 Et
840 755 1068 790 consequenter
1095 749 1121 779 si
1144 749 1225 780 facta
1244 757 1290 781 est
1313 756 1490 781 commuta-

432 795 512 826 tivae
535 794 686 830 iustitiae,
712 803 786 834 ergo
815 800 845 825 et
871 793 1037 834 requisita:
1069 800 1100 824 et
1126 793 1152 823 si
1179 794 1328 835 requisita
1355 804 1421 824 non
1445 799 1491 824 est

431 838 566 869 iustitiae
590 838 834 869 commutativae
857 838 913 868 sed
935 837 1111 874 adiunctae,
1135 847 1210 878 ergo
1234 848 1291 869 nec
1314 838 1404 869 facta.

486 882 537 913 Ad
560 882 622 913 hoc
650 882 784 913 breviter
807 882 920 913 dicitur
950 882 1038 923 quod
1062 882 1221 913 distinctio
1244 882 1400 913 vindictae
1423 891 1489 912 non

432 933 478 957 est
500 926 681 967 accipienda
704 926 835 963 realiter,
859 937 895 957 ac
918 927 943 957 si
967 933 1112 966 oporteat
1135 936 1202 957 esse
1226 926 1304 957 duas
1327 926 1489 962 vindictas,

432 971 562 1001 alteram
592 981 609 1001 a
640 971 882 1007 commutativa,
907 971 1037 1002 alteram
1067 981 1085 1001 a
1107 971 1335 1002 vindicatione:
1367 971 1422 1001 sed
1446 976 1492 1001 est

430 1014 633 1055 intelligenda
647 1014 784 1052 relative,
808 1015 896 1056 quod
912 1015 1029 1046 scilicet
1042 1015 1180 1046 vindicta
1202 1025 1261 1056 pro
1285 1021 1406 1056 quanto
1423 1015 1490 1045 red-

432 1058 477 1089 dit
498 1059 640 1099 peccanti
663 1059 794 1100 aequale
816 1060 849 1090 in
873 1069 986 1100 poena,
1010 1059 1144 1100 pertinet
1168 1059 1207 1090 ad
1229 1059 1381 1090 iustitiam
1404 1069 1491 1090 com-

1539 442 1740 479 mutativam;
1774 453 1832 483 pro
1852 449 1972 483 quanto
1991 448 2099 473 autem
2114 442 2294 473 immunem
2309 441 2412 473 reddit
2430 452 2601 483 personam

1539 539 1592 569 qu.
1618 540 1691 560 cvm
1707 530 1725 550 *
1743 537 1838 571 patet.
1862 531 1902 561 Et
1924 531 1999 571 quia
2022 540 2040 560 a
2055 537 2144 570 parte
2160 531 2277 571 petitur
2300 536 2336 560 ut
2355 530 2508 561 immunis
2532 531 2600 561 red-

1540 574 1640 610 datur,
1656 573 1729 605 ideo
1749 574 1862 606 dicitur
1877 575 1966 615 quod
1982 581 2102 615 spectat
2117 575 2156 605 ad
2171 573 2428 605 vindicationem.
2453 574 2494 605 Et
2517 584 2602 615 quo-

1539 617 1626 647 niam
1653 627 1671 647 a
1696 617 1798 649 iudice
1827 618 1863 649 fit
1891 619 1933 649 ob
1961 618 2183 659 aequalitatem
2213 618 2399 655 faciendam,
2424 617 2497 648 ideo
2522 617 2600 649 dici-

1540 668 1591 692 tur
1614 661 1703 702 quod
1726 662 1859 702 pertinet
1882 663 1922 692 ad
1937 662 2199 693 commutativam
2215 662 2378 693 iustitiam.

1596 705 1631 735 In
1655 705 1769 736 eodem
1795 706 1927 737 articulo
1956 707 2166 746 octogesimae
2190 706 2396 748 quaestionis,
2414 705 2447 736 in
2471 715 2602 746 respon-

1540 749 1628 780 sione
1653 749 1692 779 ad
1714 749 1851 786 tertium,
1872 756 1947 781 nota
1966 750 2202 790 diligentissime
2225 750 2315 787 illud,
2331 750 2463 781 scilicet:
2493 750 2599 788 Fides,

1539 803 1602 834 qua
1615 793 1707 834 fiunt
1729 793 1825 831 dicta,
1842 793 2018 824 includitur
2033 795 2065 825 in
2081 795 2225 825 veritate.
2251 794 2416 832 Quoniam
2430 793 2562 825 inferius
2574 791 2600 831 ⁴¹,

1541 847 1615 869 cum
1639 838 1677 868 de
1699 837 1813 868 virtute
1836 837 1973 868 veritatis
2000 837 2198 875 tractabitur,
2222 838 2430 869 examinanda
2453 845 2545 875 sunt,
2571 844 2602 869 et

1543 882 1580 913 de
1603 880 1665 912 fide
1688 881 1888 912 tractandum
1911 887 1967 912 est.

1597 926 1632 956 In
1656 926 1770 956 eodem
1793 925 1924 956 articulo
1954 931 2031 955 nota
2057 931 2214 966 quantum
2245 925 2412 965 profecerit
2434 927 2557 957 Auctor
2585 935 2603 956 a

1540 977 1684 1010 ternpore
1707 980 1773 1011 quo
1790 969 1912 1010 scripsit
1931 969 2099 1000 articulum
2113 969 2265 1000 ultimum
2281 979 2335 1010 qu.
2350 979 2394 1006 111,
2415 969 2485 1000 dist.
2498 979 2602 1006 xxxm,

1541 1015 1574 1045 in
1591 1015 1631 1045 III
1648 1014 1734 1045 Sent.
1758 1014 1883 1045 Distant
1905 1013 2001 1049 enirn»
2014 1013 2090 1044 haec
2114 1013 2152 1044 ab
2175 1013 2236 1044 inis
2260 1019 2296 1044 ut
2319 1013 2374 1044 lux
2395 1013 2477 1044 clara
2497 1023 2516 1044 a
2530 1014 2602 1045 sub-

1543 1059 1687 1090 obscura.
1713 1059 1819 1096 Quare
1842 1058 1919 1089 haec
1942 1067 2083 1099 sequere.

2628 534 2639 544 ⁸
2652 534 2704 555 Art.
2718 538 2739 560 2,
2751 532 2781 554 ad
2795 538 2812 554 1.

2629 791 2640 802 ⁸
2645 790 2694 818 Qu.
2700 796 2764 818 exin,
2770 791 2839 814 Com-

2630 820 2702 840 ment.
2710 821 2763 846 post
2769 820 2811 840 art.
2817 822 2838 839 ².
