2860 4244
152 637 220 658 ·Vidc
228 637 358 658 comment.

152 663 222 685 Caiet.
230 667 281 690 post
288 666 329 684 art.
338 668 359 685 2.
416 665 420 673 '

150 689 175 711 In
190 689 304 710 articulis.

243 1066 258 1082 Ι

245 1109 259 1142 β

149 1218 196 1238 ·De
205 1217 273 1243 offic.
282 1217 356 1243 nau,

149 1250 194 1271 cap.
212 1249 292 1265 xxvm.

240 1323 257 1349 Υ

144 1635 154 1645 ⁸
170 1633 233 1655 Vers.
249 1634 262 1655 8
276 1640 326 1661 sqq.

146 1690 154 1697 ⁸
169 1688 233 1709 Vers.
248 1694 269 1716 3¹
284 1694 335 1715 sqq.

241 1741 255 1766 δ

144 2164 153 2172 “
169 2163 295 2184 Secundus.

387 293 462 329 360

1088 284 1353 331 QUAESTIO
1384 283 1432 329 C,
1461 283 1757 319 ARTICULUS
1788 282 1838 318 lV

1156 399 1472 443 ARTICULUS
1504 399 1775 450 QUARTUS

491 491 643 523 UTRUM
668 489 846 520 L1C1TUM
871 487 936 517 SIT
960 485 1179 516 PECUNIAM
1203 483 1415 514 ACCIPERE
1439 482 1524 513 PRO
1549 482 1617 512 His
1642 482 1760 519 QUAE
1785 482 1897 513 SUNT
1922 481 2241 512 SPIRITUALIBUS
2264 481 2441 512 ANNExA

1150 554 1182 578 IV
1203 554 1286 581 Sent„
1307 553 1365 577 dist.
1384 561 1440 584 xm,
1460 560 1504 585 qu.
1523 560 1560 582 111,
1581 557 1627 577 art.
1649 560 1672 582 2,
1693 552 1741 585 qu·
1763 553 1787 578 3.

516 656 540 670 fl
595 640 616 664 D
654 637 825 669 QUARTUM
866 637 919 661 Sic
956 634 1184 660 PROCEDlTUR
1211 622 1241 659 ²⁸.
1279 622 1438 659 Videtur
1463 623 1465 627 ⁴
1493 621 1621 668 aliquo
1651 623 1769 659 modo
1788 621 1905 659 vendi
1924 629 2084 670 possunt
2098 622 2129 668 *‚
2149 634 2229 659 non
2248 630 2376 659 autem
2396 622 2555 672 inquan-
2584 631 2703 658 ’D-ua7·

384 944 472 980 dere
492 956 536 979 ea
556 954 654 990 quae
674 950 760 978 sunt
779 940 1032 990 spiritualibus
1051 952 1209 986 annexa,
1235 940 1325 976 nihil
1345 947 1438 976 tem-

382 996 510 1045 porale
537 995 704 1032 vendere
732 994 867 1031 licebit.
899 993 1016 1040 Quod
1043 1000 1145 1042 patet
1178 1005 1260 1030 esse
1287 993 1436 1030 falsum.

436 1061 471 1085 2.
501 1049 732 1094 PRAETEREA,
762 1047 852 1084 nihil
879 1047 1030 1084 videtur
1057 1045 1176 1094 magis
1196 1051 1214 1067 α
1241 1046 1438 1094 spirituali—
1464 1074 1465 1094 s

1464 1110 1465 1124 ι
1493 1110 1578 1135 rum
1606 1098 1841 1135 consecratio
1867 1098 1984 1135 vendi
2013 1110 2092 1135 non
2110 1106 2235 1147 potest
2254 1104 2293 1135 ηε
2323 1107 2465 1148 tamen,
2485 1113 2556 1149 pro

383 1103 452 1138 bus
490 1113 678 1138 annexum
708 1113 823 1148 quam
856 1112 949 1136 vasa
978 1106 1207 1136 consecrata.
1251 1099 1328 1135 Sed
1357 1111 1402 1136 ea
1423 1097 1438 1128 β

382 1154 467 1191 licet
498 1154 665 1191 vendere
702 1166 771 1202 pro
809 1152 1070 1201 redemptione
1108 1152 1367 1200 captivorum,
1397 1158 1465 1201 ut}

381 1207 606 1244 Ambrosius
635 1206 722 1243 dicit
739 1207 769 1243 ³¹³.
800 1207 901 1253 Ergo
929 1205 1070 1242 licitum
1105 1213 1159 1242 est
1186 1205 1354 1241 vendere
1392 1218 1437 1242 ea
1463 1206 1465 1227 ²

383 1272 481 1308 quae
515 1267 600 1296 sunt
627 1259 877 1308 spiritualibus
906 1270 1063 1295 annexa.

438 1313 471 1350 3.
501 1313 738 1359 PRAETEREA,
768 1311 1020 1360 spiritualibus
1053 1322 1199 1347 annexa
1226 1310 1402 1347 videntur
1421 1315 1436 1338 Ὺ
1463 1326 1465 1338 1

382 1365 440 1402 ius
469 1366 694 1413 sepulturae,
714 1365 771 1402 ius
798 1372 1031 1413 patronatus,
1062 1371 1097 1400 et
1124 1363 1181 1400 ius
1209 1363 1436 1412 primogeni—

381 1426 486 1454 turae
515 1418 724 1455 secundum
745 1418 919 1466 antiquos
945 1417 1049 1465 (quia
1072 1417 1320 1465 primogeniti,
1350 1425 1435 1454 ante

381 1471 522 1518 legem,
552 1471 757 1508 sacerdotis
786 1470 913 1508 officio
942 1470 1225 1518 fungebantur),
1257 1478 1294 1507 et
1322 1470 1435 1507 etiarn

381 1523 437 1560 ius
476 1524 683 1573 accipiendi
713 1524 891 1561 decimas.
931 1523 1008 1560 Sed
1041 1523 1235 1560 Abraham
1271 1523 1360 1560 emit
1388 1524 1436 1560 ab

380 1577 539 1625 Ephron
576 1577 795 1625 speluncam
833 1576 1022 1625 duplicem
1051 1576 1089 1612 in
1117 1576 1366 1624 sepulturam,
1396 1584 1438 1613 ut

379 1630 539 1667 habetur
562 1631 653 1667 Gen.
682 1642 766 1667 xxm
784 1630 815 1666 ²¹⁶.
847 1630 960 1666 Iacob
989 1636 1118 1666 autern
1152 1629 1243 1666 emit
1266 1630 1313 1666 ab
1334 1631 1437 1666 Esau

379 1682 436 1718 ius
472 1682 808 1734 primogeniturae,
837 1690 878 1719 ut
910 1682 1070 1719 habetur
1101 1682 1193 1719 Gen.
1222 1694 1294 1719 xxv
1314 1684 1345 1720 ²¹².
1376 1684 1437 1719 Ius

381 1735 492 1772 etiam
521 1743 741 1784 patronatus
761 1748 848 1772 cum
878 1748 917 1772 re
935 1735 1090 1772 vendita
1113 1735 1253 1782 transit,
1274 1735 1312 1772 in
1326 1734 1339 1757 δ
1359 1737 1436 1772 feu-

381 1788 473 1825 dum
503 1788 731 1825 conceditur.
766 1788 949 1825 Decimae
978 1788 1089 1824 etiam
1119 1801 1322 1825 concessae
1351 1797 1438 1826 sunt

381 1840 609 1888 quibusdam
652 1841 841 1887 militibus,
881 1849 916 1877 et
953 1841 1088 1878 redimi
1115 1849 1285 1889 possunt.
1324 1842 1436 1879 Prae-

380 1893 443 1930 lati
470 1899 482 1914 ⁵
516 1894 705 1931 interdum
735 1895 894 1931 retinent
926 1894 996 1930 sibi
1030 1894 1079 1931 ad
1112 1902 1263 1943 tempus
1295 1895 1436 1932 fructus

379 1947 683 1995 praebendarum
707 1959 801 1996 quas
821 1947 1036 1984 conferunt:
1068 1959 1155 1983 cum
1174 1955 1304 1984 tamen
1331 1960 1438 1997 prae-

381 1999 527 2036 bendae
569 2000 641 2037 sint
683 2000 934 2049 spiritualibus
979 2012 1161 2037 annexae.
1209 2001 1311 2048 Ergo
1354 2001 1439 2038 licet
1464 2041 1465 2045 ,

1463 2052 1465 2071 ³
1490 2054 1648 2091 intendit
1675 2054 1863 2103 accipere,
1893 2054 2066 2103 peccavit
2093 2055 2285 2092 vendens:
2321 2055 2409 2093 licet
2435 2058 2556 2096 Abra·

1463 2103 1465 2154 j
1490 2108 1582 2144 ham
1602 2120 1680 2144 non
1708 2108 1922 2156 peccaverit
1951 2120 2094 2154 emenS‚
2124 2108 2214 2157 quia
2233 2121 2312 2146 non
2335 2109 2557 2149 intendebat

433 2159 507 2195 SED
536 2170 681 2195 CONTRA
699 2170 765 2196 EST
787 2158 892 2207 quod
911 2158 999 2195 dicit
1018 2159 1209 2196 Paschalis
1228 2160 1332 2208 Papa
1346 2160 1378 2208 ’¹‘‚
1403 2168 1439 2197 et
1463 2158 1465 2173 ³

381 2064 507 2089 emere
534 2060 570 2089 et
587 2053 754 2090 vendere
785 2066 829 2090 ea
857 2065 955 2102 quae
979 2061 1065 2090 sunt
1093 2053 1345 2102 spiritualibus
1374 2066 1438 2091 an-

380 2117 487 2142 nexa.

380 2211 540 2248 habetur
568 2213 598 2258 I,
629 2223 691 2259 qu.
722 2223 776 2258 111,
806 2224 887 2260 cap.
922 2212 964 2247 Si
989 2212 1070 2260 quis
1105 2213 1299 2249 obiecerit:
1331 2213 1438 2255 Quis-

380 2264 461 2311 quis
488 2276 618 2300 eorum
647 2264 810 2301 vendidit
835 2265 995 2301 alterum
1031 2265 1110 2301 sine
1137 2277 1211 2313 quo
1244 2278 1312 2303 nec
1347 2267 1437 2304 alte-

381 2328 465 2352 rum
497 2318 689 2364 provenit,
726 2323 899 2354 neutrum
936 2318 1164 2355 invenditum
1206 2319 1435 2368 derelinquit.

380 2369 518 2406 Nullus
545 2382 636 2419 ergo
666 2376 766 2406 emat
787 2371 979 2407 ecclesiam
1007 2371 1067 2407 vel
1087 2372 1358 2419 praebendam,
1378 2374 1438 2410 vel

381 2421 522 2469 aliquid
548 2423 842 2459 ecclesiasticum.

435 2475 657 2512 RESPONDEO
686 2487 870 2512 DICENDUM
900 2476 1004 2523 quod
1033 2476 1173 2524 aliquid
1201 2485 1326 2525 potest
1354 2490 1436 2515 esse
1462 2491 1463 2494 ¹

382 2526 634 2574 spiritualibus
663 2540 851 2564 annexum
881 2528 1086 2576 dupliciter.
1117 2529 1204 2566 Uno
1233 2531 1364 2577 modo,
1390 2532 1436 2568 si-

383 2578 471 2616 cut(
491 2592 536 2616 ex
555 2580 807 2628 spiritualibus
827 2581 1064 2629 dependens:
1094 2581 1188 2618 sicut
1211 2583 1352 2620 habere
1373 2585 1438 2620 be-

382 2632 517 2669 neficia
545 2633 795 2670 ecclesiastica
815 2633 947 2670 dicitur
965 2633 1216 2682 spiritualibus
1245 2647 1436 2674 annexum

383 2684 470 2732 quia
497 2697 575 2722 non
599 2686 780 2734 competit
798 2686 868 2723 nisi
885 2686 1039 2723 habenti
1059 2687 1228 2724 officium
1253 2689 1434 2727 clericale.

381 2737 490 2774 Unde
520 2738 738 2776 huiusmodi
767 2740 869 2776 nullo
898 2740 1015 2776 modo
1052 2748 1212 2788 possunt
1240 2753 1321 2778 esse
1356 2742 1436 2780 sine

380 2790 644 2838 spiritualibus.
683 2793 731 2828 Et
765 2799 920 2841 propter
955 2793 1047 2839 hoc,
1088 2805 1132 2829 ea
1169 2794 1272 2830 nullo
1315 2796 1434 2833 modo

379 2844 545 2880 vendere
583 2844 684 2880 licet:
722 2844 827 2893 quia,
865 2845 917 2881 eis
954 2845 1136 2893 venditis,
1180 2847 1462 2895 intelliguntur<

380 2895 490 2932 etiam
519 2896 721 2945 spiritualia
749 2897 956 2935 venditioni
986 2898 1127 2935 subiici.

433 2949 633 2996 Quaedam
661 2957 789 2987 autem
818 2958 905 2987 sunt
933 2963 1077 2988 annexa
1106 2951 1360 3000 spiritualibus
1379 2953 1434 2991 in-

379 3009 562 3049 quantum
591 3002 638 3039 ad
668 3003 868 3051 spiritualia
897 3004 1136 3042 ordinantur:
1167 3005 1262 3042 sicut
1290 3006 1347 3043 ius
1365 3018 1431 3055 pa-

379 3061 558 3101 tronatus,
588 3056 691 3103 quod
720 3056 913 3093 ordinatur
940 3057 989 3094 ad
1016 3058 1336 3106 praesentandum
1362 3061 1433 3096 cle-

379 3105 475 3142 ricos
513 3107 561 3143 ad
596 3109 845 3145 ecclesiastica
882 3110 1083 3157 beneficia;
1113 3117 1149 3147 et
1175 3123 1267 3148 vasa
1304 3125 1430 3161 sacra,

379 3170 476 3206 quae
505 3159 723 3197 ordinantur
746 3162 793 3198 ad
822 3171 1146 3200 sacramentorum
1165 3176 1290 3202 usum.
1320 3166 1430 3203 Unde

378 3211 595 3248 huiusmodi
631 3225 709 3250 non
748 3224 1060 3263 praesupponunt
1101 3217 1323 3266 spiritualia,
1362 3219 1429 3256 sed

379 3264 497 3311 magis
527 3277 571 3301 ea
599 3265 730 3303 ordine
764 3268 946 3316 temporis
982 3270 1225 3318 praecedunt.
1262 3272 1311 3307 Et
1341 3271 1428 3309 ideo

431 3378 458 3410 α)
478 3379 571 3411 magis.
583 3393 602 3398 -
620 3386 675 3404 esse
693 3381 788 3405 addunt
806 3381 853 3406 Pa.

432 3411 456 3444 β)
475 3419 515 3437 ea.
527 3427 545 3432 -
562 3414 668 3439 calicem
689 3415 744 3440 Pla.

430 3448 457 3479 γ)
476 3447 606 3474 videntur.
617 3463 637 3468 -
655 3450 780 3475 dicuntur
798 3452 844 3476 Pa.

431 3481 455 3513 ὃ)
476 3482 541 3506 in.—
558 3487 583 3508 et
602 3484 627 3509 in
647 3485 746 3514 PDLa,·
763 3487 917 3512 conceditur
934 3495 987 3513 om.
1006 3489 1039 3514 H.

432 3516 453 3548 ε)
472 3517 627 3543 Ρναείαΐί.-
645 3520 724 3544 etiam
743 3521 838 3546 addunt
856 3522 996 3548 PADGLa.

431 3550 456 3582 ζ)
475 3552 581 3577 sicut.—
599 3554 660 3579 Om.
679 3555 755 3581 BFH.

432 3586 458 3617 η)
469 3590 566 3618 potest.
577 3602 595 3606 -
614 3589 687 3614 debet
705 3591 751 3614 Ρα-

450 680 457 688 ”
500 664 570 726 ''7155‘-
594 680 697 727 quod
743 678 882 715 licitum
927 677 972 713 sit
1017 675 1219 724 pecuniam
1265 675 1437 723 accipere
1464 691 1465 715 ᾗ

431 734 434 741 ”
539 731 661 780 (pro
686 732 742 768 his
771 743 867 779 quae
889 737 974 766 sunt
1001 728 1256 777 spiritualibus
1276 740 1434 765 annexa.
1464 734 1465 780 Ῑ

548 778 735 821 &Omnia
764 783 864 820 enim
893 781 1114 830 temporalia
1140 781 1318 818 videntur
1355 792 1437 817 esse
1464 782 1465 835 J

384 838 633 887 spiritualibus
662 848 826 874 annexa:
865 835 951 883 quia
979 834 1203 882 temporalia
1230 841 1317 871 sunt
1350 846 1438 882 pro·
1464 856 1465 877 ἦ

382 899 464 940 pter
492 890 692 938 spiritualia
712 888 939 937 quaerenda.
971 887 1010 924 Si
1031 899 1119 934 ergo
1143 887 1327 924 nonlicet
1345 899 1438 923 ven·
1464 916 1465 937 ;
1601 939 1625 976 d
1651 940 1674 975 b
1732 939 1752 960 *

1464 939 1465 948 ’
1494 951 1572 976 non
1628 951 1648 975 e
1678 946 1715 975 et
1755 967 1763 975 .

1493 682 1574 711 tum
1603 682 1689 711 sunt
1717 674 1972 723 spiritualibus
2000 686 2159 711 annexa.

1546 729 1606 763 AD
1635 739 1772 764 PR1M1JM
1809 739 1907 764 ERGO
1936 739 2121 764 DlCENDUM
2155 728 2261 777 quod
2297 729 2429 765 omnia
2461 737 2556 766 tem-

1492 779 1638 828 poralia
1675 788 1926 817 annectuntur
1962 780 2216 829 spiritualibus
2253 781 2348 818 sicut
2384 782 2463 819 fini.
2508 783 2557 820 Et

1493 832 1580 869 ideo
1609 833 1692 881 ipsa
1719 833 1877 881 quidem
1905 833 2130 881 temporalia
2154 835 2323 871 vendere
2351 834 2458 872 licet:
2488 836 2557 873 sed

1494 886 1590 922 ordo
1620 898 1755 922 eorum
1776 886 1825 923 ad
1847 885 2050 934 spiritualia
2079 887 2150 923 sub
2168 887 2389 925 venditione
2420 889 2555 926 cadere

1547 995 1605 1029 An
1633 1003 1822 1044 SECUNDUM
1851 1003 2034 1029 D1CENDUM
2063 992 2168 1039 quod
2189 992 2302 1030 etiarn
2326 1005 2420 1031 vasa
2449 1007 2556 1032 sacra

1494 1053 1581 1082 sunt
1609 1045 1862 1094 spiritualibus
1891 1057 2038 1082 annexa
2066 1044 2162 1082 sicut
2189 1045 2268 1082 fini.
2298 1046 2347 1083 Et
2373 1046 2462 1084 ideo
2491 1060 2556 1085 eo·

1493 1152 1714 1188 necessitate
1751 1151 1944 1188 Ecclesiae
1969 1150 2011 1188 'et
2037 1163 2273 1200 pauperum,
2302 1153 2460 1190 materia
2493 1166 2556 1190 eo-

1493 1217 1579 1241 rum
1598 1204 1714 1242 vendi
1733 1212 1877 1253 potest;
1903 1204 2131 1252 dummodo,
2147 1205 2357 1254 praemissa
2371 1206 2555 1255 oratione,

1492 1257 1596 1306 prius
1619 1258 1920 1305 confringantur;
1948 1258 2037 1306 quia
2051 1265 2138 1306 post
2159 1259 2458 1297 confractionem
2477 1272 2557 1298 non

1492 1310 1745 1358 intelliguntur
1773 1322 1855 1347 esse
1884 1323 1977 1348 vasa
2005 1323 2131 1358 sacra,
2161 1313 2229 1349 sed
2255 1324 2398 1360 purum
2427 1314 2557 1351 metal-

1491 1363 1582 1400 lum.
1612 1364 1723 1401 Unde
1752 1363 1783 1400 si
1807 1375 1852 1400 ex
1871 1364 2008 1401 eadem
2029 1364 2188 1401 materia
2215 1364 2349 1402 similia
2367 1378 2462 1403 vasa
2488 1366 2557 1404 ite—

1493 1429 1579 1453 rum
1617 1417 1933 1464 reintegrarentur
1951 1414 1975 1464 θ,
2007 1417 2217 1465 indigerent
2251 1418 2389 1456 iterum
2424 1431 2557 1458 conse·

1494 1469 1599 1507 erari.

1546 1525 1604 1560 AD
1637 1534 1797 1559 TERTiuM
1834 1534 2018 1560 mcENDuM
2055 1523 2161 1572 quod
2198 1523 2380 1572 spelunca
2418 1525 2558 1574 duplex

1464 1584 1465 1592 ¹
1493 1587 1610 1623 quam
1630 1576 1824 1612 Abraham
1852 1576 1943 1613 emit
1966 1576 2004 1612 in
2032 1577 2276 1625 sepulturam,
2297 1589 2377 1614 non
2395 1578 2558 1617 habetur

1494 1630 1598 1677 quod
1628 1636 1706 1665 erat
1733 1637 1831 1666 terra
1860 1637 2078 1666 consecrata
2115 1630 2163 1667 ad
2192 1630 2467 1679 sepeliendum.
2505 1632 2557 1670 Et

1493 1681 1580 1719 ideo
1601 1682 1736 1719 licebat
1750 1683 1926 1719 Abrahae
1946 1690 2086 1720 terram
2107 1683 2207 1720 illam
2229 1695 2356 1721 emere
2373 1685 2420 1722 ad
2439 1697 2556 1723 usum

1493 1736 1729 1784 sepulturae,
1765 1743 1806 1772 ut
1841 1735 1892 1772 ibi
1934 1735 2142 1773 institueret
2180 1737 2418 1785 sepulcrum:
2462 1738 2557 1776 sicut

1493 1788 1606 1825 etiam
1636 1800 1738 1825 nunc
1766 1788 1893 1826 liceret
1921 1801 2048 1826 emere
2085 1789 2250 1838 aliquem
2279 1802 2412 1838 agrum
2451 1803 2556 1829 com-

1492 1854 1650 1878 munem
1688 1841 1737 1878 ad
1774 1841 2047 1879 instituendum
2082 1842 2134 1879 ibi
2171 1843 2463 1892 coemeterium,
2492 1846 2555 1883 vel

1492 1895 1605 1932 etiam
1635 1895 1845 1932 ecclesiam.
1877 1895 1978 1942 Quia
2005 1903 2135 1932 tamen
2163 1896 2276 1933 etiam
2295 1902 2303 1918 ‘
2331 1897 2434 1945 apud
2467 1909 2556 1945 gen-

1491 1948 1571 1985 tiles
1605 1948 1689 1984 loca
1727 1949 1943 1997 sepulturae
1979 1948 2159 1997 deputata
2195 1948 2368 1997 religiosa
2404 1959 2556 1999 reputa-

1491 2001 1639 2048 bantur,
1669 2001 1699 2037 si
1729 2002 1887 2050 Ephron
1914 2014 1985 2050 pro
2008 2001 2090 2039 iure
2109 2008 2126 2023 ²
2154 2003 2370 2051 sepulturae
2389 2003 2555 2052 pretium

1492 2172 1619 2198 emere
1656 2160 1726 2197 nisi
1754 2169 1892 2198 terram
1931 2173 2179 2198 communem
2203 2162 2234 2199 *.
2264 2162 2371 2199 Licet
2407 2163 2522 2202 etiam
2540 2162 2556 2188 Ἀ

1491 2226 1593 2251 nunc
1620 2221 1759 2250 terram
1787 2214 1852 2251 ubi
1874 2214 2071 2263 quondam
2100 2214 2168 2252 fuit
2196 2215 2366 2264 ecclesia,
2386 2217 2556 2256 vendere

1491 2274 1555 2304 aut
1582 2279 1711 2304 emere
1730 2267 1769 2303 in
1798 2279 1887 2304 casu
1906 2268 2136 2304 necessitatis
2155 2267 2195 2305 *ε
2225 2268 2321 2306 sicut
2340 2276 2377 2306 et
2405 2269 2452 2307 de
2472 2282 2556 2309 tna-

1491 2320 1582 2357 teria
1610 2333 1793 2357 vasorum
1823 2333 2017 2358 sacrorum
2047 2321 2190 2358 dictum
2217 2329 2273 2359 est
2290 2322 2322 2359 ²¹².
2350 2343 2375 2350 -
2394 2322 2466 2360 Vel
2493 2335 2556 2362 ex-

1491 2381 1641 2410 cusatur
1664 2374 1858 2410 Abraham
1890 2374 1978 2421 quia
2007 2374 2043 2410 in
2063 2375 2138 2411 hoc
2158 2375 2320 2412 redemit
2348 2387 2458 2413 suam
2489 2389 2552 2415 ve-

1489 2426 1692 2464 xationem.
1723 2426 1912 2473 Quamvis
1942 2427 2042 2463 enim
2067 2428 2227 2476 Ephron
2246 2428 2359 2476 gratis
2379 2428 2414 2465 ei
2432 2430 2555 2478 sepul-

1490 2487 1613 2516 turam
1643 2479 1807 2526 offerret,
1837 2480 2037 2528 perpendit
2064 2487 2193 2517 tamen
2220 2482 2418 2518 Abraham
2447 2483 2554 2530 quod

1490 2532 1601 2579 gratis
1631 2532 1797 2580 recipere
1825 2533 1906 2569 sine
1935 2532 2015 2569 eius
2045 2533 2191 2570 offensa
2220 2546 2298 2571 non
2326 2542 2466 2582 posset.

1545 2586 1605 2621 Ius
1634 2592 1761 2621 autern
1790 2585 2108 2633 primogeniturae
2138 2586 2348 2624 debebatur
2371 2588 2486 2625 Iacob
2507 2600 2554 2627 ex

1491 2637 1619 2674 divina
1661 2637 1859 2674 electione:
1903 2639 2115 2675 secundum
2153 2639 2243 2676 illud
2281 2641 2445 2678 Malach.
2482 2641 2552 2680 1⁴³:

1489 2691 1605 2727 Iacob
1632 2690 1757 2736 dilexi,
1776 2692 1881 2728 Esau
1901 2691 1985 2728 odio
2008 2692 2134 2728 habui.
2164 2693 2213 2730 Et
2230 2693 2318 2730 ideo
2338 2694 2442 2730 Esau
2460 2706 2549 2743 pec·

1490 2743 1589 2780 cavit
1607 2743 1858 2792 primogenita
1876 2745 2064 2782 vendens:
2087 2746 2200 2782 Iacob
2220 2754 2346 2783 autern
2367 2759 2446 2784 non
2465 2759 2553 2796 pec-

1490 2796 1587 2833 cavit
1617 2797 1794 2844 emendo,
1824 2797 1912 2846 quia
1940 2797 2153 2846 intelligitur
2181 2811 2290 2836 suam
2306 2800 2551 2839 vexationem

1488 2849 1707 2886 redemisse.

1541 2903 1603 2939 Ius
1631 2910 1758 2939 autern
1779 2910 1999 2951 patronatus
2018 2916 2087 2952 per
2110 2917 2150 2941 se
2169 2905 2287 2942 vendi
2315 2918 2393 2943 non
2413 2914 2550 2956 potest,

1487 2967 1558 2992 nec
1586 2955 1624 2991 in
1653 2956 1811 2993 feudum
1842 2956 1941 2993 dari:
1972 2957 2040 2994 sed
2059 2957 2189 2995 transit
2217 2971 2306 2996 cum
2334 2959 2423 2998 villa
2451 2971 2550 3008 quae

1485 3008 1664 3046 venditur
1690 3009 1752 3046 vel
1772 3009 1993 3047 conceditur
2011 3016 2039 3048 μ.
2070 3031 2094 3038 -
2124 3012 2185 3048 Ius
2209 3019 2338 3050 autem
2359 3012 2550 3062 spirituale

1486 3060 1693 3110 accipiendi
1714 3062 1880 3099 decimas
1900 3075 1979 3099 non
2000 3063 2220 3101 conceditur
2244 3064 2359 3113 laicis,
2381 3065 2450 3103 sed
2469 3073 2548 3103 tan-

1484 3115 1688 3151 tummodo
1717 3127 1776 3152 res
1804 3117 2034 3164 temporales
2063 3129 2162 3165 quae
2190 3117 2347 3155 nomine
2377 3118 2550 3156 decimae

1486 3168 1636 3215 dantur,
1665 3175 1706 3204 ut
1735 3180 1848 3216 supra
1866 3168 1886 3190 ’¹‘
1906 3168 2050 3206 dictum
2079 3177 2146 3207 est.
2499 3173 2503 3176 ⁴

1538 3220 1649 3257 Circa
1669 3221 1910 3259 collationem
1927 3234 2022 3259 vero
2037 3222 2330 3270 beneficiorum,
2350 3223 2548 3262 sciendum

1484 3280 1540 3309 est
1568 3273 1672 3321 quod
1700 3273 1730 3310 si
1759 3274 1979 3323 episcopus,
2018 3283 2223 3325 antequam
2262 3276 2372 3314 alicui
2405 3277 2548 3314 benefi—

1538 3385 1562 3419 θ)
1583 3387 1821 3420 reintegrarentur.
1836 3402 1854 3408 -
1872 3389 2071 3424 reintegrentur
2089 3391 2166 3422 ACD,
2186 3392 2389 3425 reintegrantur
2406 3392 2462 3423 GK.
2483 3393 2548 3418 inte-

1484 3425 1631 3454 grat-entur
1651 3422 1696 3452 Pa,
1716 3423 1780 3454 (om.
1800 3423 1908 3456 iterum>
1927 3425 2160 3459 reintegrat-emur
2177 3427 2209 3453 L.

1539 3456 1558 3489 ι)
1579 3457 1650 3488 Quia
1663 3461 1751 3483 tamen
1767 3458 1858 3484 etiam.
1868 3473 1887 3479 —
1907 3460 1977 3490 Quia
1990 3464 2077 3486 tamen
2094 3461 2157 3494 cm,
2174 3462 2245 3493 Quia
2259 3462 2291 3494 G,
2309 3462 2408 3487 Tamen
2423 3462 2486 3494 quia
2499 3463 2547 3489 Pa.

1538 3493 1564 3524 ι)
1584 3492 1649 3518 iure.
1663 3506 1682 3512 -
1701 3494 1757 3519 loco
1776 3494 1822 3518 Pa.

1538 3526 1566 3559 λ)
1586 3528 1675 3553 etiam.
1688 3542 1708 3547 -
1725 3529 1794 3554 enim
1813 3530 1892 3555 etiam
1912 3531 1965 3556 PD.

1539 3562 1568 3596 μ.)
1588 3563 1628 3588 vel
1646 3564 1807 3589 conceditur.
1821 3578 1839 3583 -
1858 3565 1919 3590 Om.
1939 3566 1989 3591 BF.

2583 2172 2697 2226 ‘D-s.1

2583 2283 2594 2294 ·
2607 2282 2637 2305 D.
2650 2288 2696 2312 535.

2585 2336 2595 2347 ⁸
2608 2334 2678 2363 nup.
2693 2335 2722 2357 nd
2736 2341 2758 2357 ι.

2581 2649 2591 2658 ’
2605 2647 2672 2670 νει-ι.
2682 2652 2707 2676 1,
2721 2654 2742 2677 3.

2576 3169 2587 3180 ⁶
2608 3167 2656 3196 Qu.
2677 3174 2772 3191 mxvii
2781 3185 2788 3196 ,

2576 3199 2619 3218 ιη.
2632 3201 2653 3224 ³·

2845 3362 2860 3560 -.-.-—-2A.....
2855 3315 2860 3339 .-
2856 3258 2860 3302 -,,
