2860 4244
86 1089 97 1100 ⁸
111 1089 159 1116 Qu.
172 1093 268 1110 mun.

103 2754 279 2804 ‘Cn-'zxnima
302 2764 314 2770 -

102 2781 127 2804 S.
177 2797 183 2803 .
198 2782 248 2803 leet.
262 2786 286 2802 xi
307 2796 313 2802 .

107 3233 119 3246 ⁸
132 3232 198 3256 Vm.
213 3239 243 3256 η.
301 3229 308 3235 “

101 3266 117 3281 0

967 287 1232 335 QUAEsrlo
1263 287 1454 334 mcxvii,
1484 286 1780 324 ARTicuLus
1809 287 1822 322 1

2424 296 2518 331 147*

677 485 1084 563 QUAESTIO
1131 482 2138 541 SEPTUAGESIMASEPTIMA

521 607 605 648 DE
638 603 1122 647 FRAUDULENTIA
1153 603 1324 656 QUAE
1357 603 1783 644 COMMITTITUR
1815 603 1876 644 IN
1911 601 2318 643 EMPTIONIBUS

1121 666 1199 706 ET
1233 665 1707 707 VENDITIONIBUS

1105 781 1139 805 ΙΝ
1169 779 1343 810 QUATUOR
1370 778 1572 804 ARTlCULOS
1600 778 1716 803 DIVISA

404 879 512 907 ElNDE
549 866 870 904 considerandum
905 873 962 902 est
998 864 1045 902 de
1081 865 1248 914 peccatis
1289 876 1389 912 quae
1416 864 1417 869 ’

239 878 492 981 =1v‚Dsunt
527 919 627 957 circa
652 919 888 957 voluntarias
925 917 1243 956 commutationes
1269 917 1301 953 *.
1342 917 1391 954 Et

321 973 461 1023 primo,
483 973 530 1011 de
558 972 812 1009 fraudulentia
840 984 940 1020 quae
971 971 1218 1008 committitur
1244 969 1282 1007 in
1313 981 1391 1006 em-

322 1027 516 1076 ptionibus
545 1033 582 1063 et
617 1025 924 1070 venditionibus;
954 1023 1146 1070 secundo,
1177 1023 1224 1060 de
1252 1035 1390 1070 usura,

323 1093 423 1129 quae
451 1080 494 1118 fit
522 1078 560 1116 in
589 1078 730 1116 mutuis
748 1077 780 1116 *.
811 1074 922 1115 Circa
950 1076 1041 1114 alias
1076 1076 1178 1113 enim
1213 1087 1388 1112 commu·
1414 1080 1416 1084 '

323 1133 485 1171 tationes
512 1132 746 1170 voluntarias
774 1143 854 1168 non
875 1129 1067 1168 invenitur
1093 1129 1222 1177 aliqua
1244 1128 1390 1177 species
1414 1147 1415 1172 3

324 1186 470 1236 peccati
497 1198 598 1246 quae
625 1185 873 1232 distinguatur
900 1195 923 1223 a
950 1182 1083 1230 rapina
1110 1183 1173 1219 vel
1201 1182 1315 1219 furto.

325 1240 436 1277 Circa
463 1239 631 1288 primurn
660 1243 896 1297 quaeruntur
923 1243 1100 1284 quatuor.

379 1292 529 1329 Primo:
559 1291 606 1329 de
635 1291 773 1330 iniusta
799 1288 1022 1327 venditione
1052 1301 1096 1326 ex
1125 1295 1231 1337 parte
1259 1286 1387 1337 pretii:
1413 1272 1416 1289 ÷

1549 863 1709 910 scilicet,
1743 872 1870 901 utrum
1909 864 2018 901 liceat
2045 864 2184 913 aliquid
2221 864 2390 901 vendere
2418 865 2504 912 plus

1548 936 1666 972 quam
1693 924 1831 960 valeat.

1495 985 1700 1022 Secundo:
1730 985 1778 1022 de
1806 985 1944 1022 iniusta
1980 985 2200 1022 venditione
2237 997 2283 1021 ex
2310 994 2417 1034 parte
2451 985 2505 1021 rei

1546 1046 1737 1083 venditae.

1495 1105 1649 1142 Tertio:
1677 1111 1805 1141 utrum
1825 1111 1997 1141 teneatur
2022 1104 2202 1140 venditor
2220 1104 2342 1140 dicere
2369 1104 2505 1140 vitium

1548 1164 1603 1200 rei
1630 1163 1823 1201 venditae.

1497 1224 1664 1270 Quarto:
1694 1229 1822 1260 utrum
1842 1222 1986 1260 licitum
2014 1222 2060 1259 sit
2087 1222 2241 1271 aliquid,
2262 1205 2507 1270 negotiando,

1548 1286 1633 1335 plus
1660 1286 1830 1323 vendere
1859 1298 1976 1334 quam
2005 1293 2178 1334 emptum
2207 1285 2264 1321 sit.

451 1430 598 1458 sss-w·
1125 1403 1442 1447 ARTICULUS
1472 1402 1681 1446 PRIMUS

664 1500 820 1542 UTRUM
842 1499 1015 1538 ALIQUIS
1039 1498 1182 1529 melre
1205 1497 1354 1528 POSSIT
1376 1497 1580 1528 VENDERE
1606 1496 1696 1527 REM
1720 1496 1827 1527 PLUS
1851 1496 1976 1534 QUAM
2000 1495 2177 1527 VALEAT

376 1607 425 1632 Γ)
447 1607 514 1646 Ἂέ-ἤῑ

343 1740 485 1781 ,ΑΨ-ᾔ»
503 1722 513 1762 <x

386 1631 390 1636 ,
542 1597 566 1623 ι)
590 1597 728 1622 ramim
751 1596 806 1621 s1c
831 1594 1073 1621 moer-:orrum
1102 1581 1263 1618 Videtur
1286 1579 1420 1630 quod
1418 1580 1420 1600 ¹

384 1638 447 1692 '22
466 1652 512 1698 ’ήα
542 1638 678 1687 aliquis
713 1637 810 1674 licite
838 1637 958 1685 possit
983 1636 1154 1672 vendere
1189 1646 1271 1670 rem
1306 1634 1393 1682 plus

353 1678 508 1745 „Vens
492 1698 660 1740 (quam
679 1691 816 1727 valeat.
833 1691 992 1726 lustum
1021 1688 1125 1725 enim
1154 1687 1192 1724 in
1217 1695 1394 1724 commu·-

518 1764 530 1777 ς
543 1743 748 1782 tationibus
775 1744 969 1780 humanae
988 1741 1091 1778 vitae
1111 1740 1324 1778 secundum
1344 1740 1394 1776 le-

292 1822 304 1849 3
327 1810 396 1847 ges
422 1795 551 1835 civiles
578 1796 861 1835 determinatur.
892 1796 968 1833 Sed
997 1795 1209 1834 secundum
1228 1806 1292 1831 eas
1310 1793 1330 1815 '¹‘
1354 1793 1395 1829 li-
1420 1818 1421 1821 =

329 1851 444 1888 citum
472 1857 529 1886 est
556 1850 718 1899 emptori
745 1857 782 1886 et
799 1849 990 1886 venditori
1009 1856 1050 1884 ut
1078 1860 1119 1884 se
1144 1846 1310 1883 invicem
1330 1846 1395 1883 de-

329 1903 489 1953 cipiant:
510 1903 616 1952 quod
641 1903 799 1951 quidem
814 1903 857 1939 fit
876 1902 1101 1951 inquantum
1119 1900 1298 1937 venditor
1311 1900 1396 1948 plus

1500 1581 1728 1616 Respounso
1765 1591 1950 1616 memnon
1979 1580 2084 1627 quod
2118 1580 2291 1616 fraudem
2329 1581 2510 1618 adhibere

1420 1654 1422 1678 3
1447 1633 1497 1669 ad
1524 1633 1599 1682 hoc
1618 1633 1724 1680 quod
1753 1632 1894 1680 aliquid
1922 1634 2008 1681 plus
2035 1633 2135 1669 iusto
2163 1633 2284 1681 pretio
2309 1634 2509 1682 vendatur,

1420 1700 1422 1720 ε
1448 1685 1607 1722 omnino
1636 1692 1836 1734 peccatum
1865 1693 1938 1722 est:
1968 1686 2194 1733 inquantum
2220 1686 2353 1734 aliquis
2373 1687 2512 1736 decipit

1420 1766 1422 1769 -
1447 1737 1667 1787 proximum
1705 1739 1743 1775 in
1772 1739 1957 1776 damnum
1995 1738 2124 1788 ipsius.
2162 1739 2272 1776 Unde
2303 1747 2339 1775 et
2367 1740 2512 1776 Tullius

1449 1791 1548 1838 dicit,
1570 1791 1607 1828 in
1627 1792 1724 1828 libro
1743 1793 1789 1829 de
1808 1792 1917 1840 Offic.
1931 1793 1968 1828 *ε
1993 1792 2213 1829 Tollendum
2233 1798 2287 1828 est
2304 1804 2355 1828 ex
2368 1791 2383 1822 β
2401 1794 2513 1830 rebus

1421 1874 1422 1889 2
1448 1845 1711 1882 contrahendis
1747 1857 1859 1882 omne
1884 1845 2144 1882 mendacium:
2181 1857 2255 1881 non
2288 1845 2511 1882 {icitatorem

1447 1897 1637 1944 venditor,
1668 1910 1742 1935 non
1772 1899 1837 1946 qui
1863 1904 1995 1935 contra
2022 1911 2062 1935 se
2090 1898 2248 1934 licitetur
2275 1905 2421 1947 emptor
2447 1911 2513 1947 ap-

327 1956 462 1995 vendit
489 1969 572 1994 rem
600 1969 718 2006 quam
741 1957 879 2002 valeat,
907 1963 1059 2004 emptor
1075 1962 1204 1991 autem
1233 1953 1396 1990 minus“
1442 1957 1570 1999 ponet.

331 2022 448 2061 quam
476 2010 614 2047 valeat.
643 2010 746 2058 Ergo
766 2009 909 2046 licitum
939 2016 993 2045 est
1014 2007 1120 2057 quod
1148 2003 1313 2055 aliquis
1301 2017 1396 2043 ven—

332 2064 397 2103 dat
424 2074 509 2100 rem
531 2062 619 2113 plus
646 2075 773 2113 quarn
791 2063 929 2099 valeat.

387 2128 423 2153 2.
443 2116 688 2160 Puni-em,
716 2110 808 2154 illud
834 2116 954 2164 quod
981 2121 1037 2151 est
1073 2113 1254 2150 omnibus
1292 2124 1398 2149 com-

333 2181 452 2207 mune
465 2169 620 2206 videtur
633 2181 716 2206 esse
735 2169 906 2206 naturale
925 2175 963 2204 et
978 2179 1058 2204 non
1076 2178 1161 2203 esse
1176 2173 1395 2215 peccatum.

335 2222 413 2260 Sed
441 2221 538 2259 sicut
563 2221 796 2271 Augustinus
825 2221 948 2267 refert,
973 2221 1061 2257 XIII
1090 2219 1136 2256 de
1167 2220 1203 2256 T
1199 2231 1270 2255 rm.
1290 2217 1322 2265 ²⁸⁸,
1344 2218 1398 2255 di-

335 2283 440 2313 ctum
455 2274 655 2312 cuiusdam
671 2274 779 2313 mimi
794 2274 863 2311 fuit
878 2274 926 2311 ab
943 2273 1123 2310 omnibus
1138 2279 1395 2322 acceptatum:

342 2329 416 2367 Vili
430 2328 541 2365 vultis
559 2340 695 2374 emere,
715 2333 750 2364 et
767 2340 857 2365 care
873 2327 1046 2364 vendere.
1076 2325 1148 2362 Cui
1173 2324 1287 2362 etiam
1308 2337 1397 2362 con-

336 2389 447 2420 sonat
465 2382 571 2430 quod
590 2381 726 2418 dicitur
738 2382 852 2418 Prov.
869 2393 917 2417 xx
930 2379 965 2416 *ε
992 2379 1146 2416 Malum
1165 2384 1228 2424 est,
1243 2379 1396 2418 Malum

335 2441 406 2480 est,
435 2434 525 2471 dicit
549 2435 671 2471 omnis
702 2439 868 2482 emptor:
902 2439 938 2469 et
964 2444 1051 2469 cum
1079 2433 1287 2476 recesserit,
1315 2431 1398 2480 glo-

336 2488 468 2526 riatur.
508 2487 615 2535 Ergo
637 2487 781 2524 licitum
811 2494 867 2523 est
895 2486 1038 2535 aliquid
1074 2484 1196 2521 carius
1228 2485 1397 2521 vendere

338 2548 375 2578 et
402 2539 513 2578 vilius
541 2552 668 2577 emere
697 2551 811 2588 quam
839 2540 976 2576 valeat.

392 2594 428 2631 3.
449 2594 682 2640 Pmmam,
712 2605 792 2630 non
818 2592 969 2629 videtur
989 2603 1070 2628 esse
1100 2590 1267 2627 illicitum
1297 2589 1328 2626 si
1355 2601 1399 2626 ex

339 2646 596 2684 conventione
623 2654 756 2694 agatur
774 2646 812 2684 id
829 2645 936 2695 quod
963 2644 1048 2681 fieri
1066 2643 1181 2681 debet
1202 2655 1249 2680 ex
1269 2642 1399 2680 debito

339 2700 558 2737 honestatis.
593 2699 672 2736 Sed
699 2698 914 2736 secundum
942 2697 1236 2746 Philosophum,
1255 2696 1399 2733 in-*Vlll

339 2753 460 2789 Ethic.
479 2752 511 2798 ²¹⁶,
539 2752 579 2789 in
607 2751 887 2790 amicitia-utilis
905 2749 1211 2799 recompensatio
1233 2749 1316 2786 fieri
1337 2749 1402 2786 de·
1427 2751 1428 2755 ’

341 2806 406 2842 bet
442 2805 654 2842 secundum
690 2803 887 2842 utilitatem
925 2816 1040 2852 quam
1082 2809 1309 2840 consecutus
1347 2809 1403 2839 est
1428 2803 1429 2838 Ξ

342 2858 402 2896 ille
421 2857 487 2907 qui
513 2857 744 2895 beneficium
773 2857 955 2905 suscepit:
985 2869 1084 2905 quae
1104 2855 1262 2903 quidem
1282 2867 1402 2904 quan-
1456 2854 1533 2891 rius
1560 2854 1728 2891 vendere
1757 2862 1822 2891 aut
1844 2854 1957 2892 vilius
1986 2866 2113 2891 emere
2142 2866 2224 2891 rem
2254 2866 2371 2902 quam
2399 2855 2522 2890 valeat

343 2912 471 2959 doque
496 2909 642 2948 excedit
663 2911 835 2947 valorem
864 2909 918 2946 rei
937 2910 1069 2954 datae;
1098 2909 1194 2945 sicut
1221 2908 1404 2955 contingit

343 2976 432 3001 cum
460 2963 595 3012 aliquis
613 2963 777 3000 multum
796 2974 835 2999 re
855 2962 982 3010 aliqua
1007 2962 1160 3009 indiget,
1179 2962 1242 2998 vel
1271 2961 1320 2998 ad
1340 2973 1404 3009 pe·
1430 2997 1431 3001 ,

343 3017 505 3054 riculurn
534 3016 756 3053 evitandum
790 3015 853 3052 vel
887 3015 936 3052 ad
965 3014 1118 3063 aliquod
1150 3014 1404 3051 commodum
1430 3012 1676 3059 svenditione
1705 3013 1916 3050 secundum
1938 3012 2043 3062 quod
2071 3025 2140 3062 per
2164 3013 2341 3049 accidens
2370 3013 2468 3049 cedit
2486 3013 2523 3048 in

344 3069 672 3118 consequendum.
701 3069 804 3116 Ergo
824 3067 909 3105 licet
927 3068 966 3105 in
985 3074 1180 3105 contractu
1203 3066 1404 3116 emptionis
1457 3065 1655 3102 utilitatem
1692 3065 1806 3102 unius
1842 3074 1878 3103 et
1918 3066 2186 3103 detrimentum
2226 3065 2396 3102 alterius:
2434 3073 2525 3114 puta

345 3131 381 3161 et
394 3122 625 3160 venditionis
638 3121 780 3205 aliquid
800 3121 891 3158 dare
909 3133 980 3170 pro
1001 3120 1136 3158 maiori
1150 3120 1272 3169 pretio
1287 3132 1404 3170 quam

344 3177 482 3214 valeat.

400 3230 474 3266 SED
490 3239 636 3264 coum
653 3238 721 3264 EST
734 3227 841 3275 quod
855 3227 989 3264 dicitur
1004 3227 1138 3263 Matth.
1148 3238 1200 3263 vn
1213 3226 1248 3263 *t
1269 3226 1405 3263 Omnia

345 3291 604 3331 quaecumque
618 3280 728 3317 vultis
748 3285 789 3316 ut
793 3280 948 3328 famant
964 3280 1069 3317 vobis
1087 3280 1267 3326 homines,
1287 3285 1323 3316 et
1339 3291 1406 3317 vos
1432 3303 1433 3308 =

331 3335 457 3384 facite
485 3334 566 3372 illis.
597 3333 674 3370 Sed
702 3333 826 3370 nullus
843 3333 926 3370 vult
953 3332 1023 3370 sibi
1043 3332 1260 3370 remvendi
1285 3332 1406 3370 carius
1432 3334 1434 3375 ξ
1461 3331 1559 3369 ditor
1587 3344 1633 3368 ex
1661 3331 1884 3368 venditione
1912 3331 2077 3368 incurrit.
2108 3332 2156 3368 Et
2185 3331 2236 3367 sic
2264 3330 2361 3366 licite
2390 3330 2526 3379 poterit

347 3400 463 3437 quam
496 3387 631 3423 valeat.
675 3386 777 3434 Ergo
805 3386 930 3423 nullus
959 3385 1072 3424 debet
1105 3386 1211 3423 alteri
1237 3386 1407 3424 vendere
1432 3390 1434 3417 ἵ

346 3453 428 3479 rem
458 3439 580 3477 carius
608 3451 724 3487 quarn
752 3439 890 3476 valeat.

401 3555 428 3586 α)
449 3554 545 3579 minus.
556 3569 574 3573 -
593 3554 657 3579 emit
675 3553 744 3578 addit
762 3553 792 3577 B.

401 3588 428 3622 β)
445 3597 491 3615 ex.
503 3603 524 3610 -
542 3590 626 3622 igitur
644 3589 671 3613 in
693 3589 724 3618 Ρ;
744 3590 834 3613 eadem
854 3595 902 3620 pro
920 3595 972 3612 non
993 3588 1073 3612 altero
1092 3589 1158 3618 loco,
1178 3595 1233 3614 nec.

1503 2004 1543 2041 Si
1581 2011 1710 2040 autem
1747 2004 1849 2041 fraus
1878 2005 2026 2052 deficit,
2054 2012 2144 2041 tunc
2177 2004 2224 2041 de
2257 2004 2450 2053 emptione
2480 2012 2515 2041 et

1447 2056 1669 2094 venditione
1690 2057 1887 2106 dupliciter
1902 2058 2011 2106 loqui
2029 2070 2250 2106 possumus.
2273 2057 2361 2094 Uno
2381 2058 2514 2105 modo,

1449 2111 1662 2147 secundum
1691 2123 1742 2147 se.
1781 2111 1830 2147 Et
1850 2111 2064 2148 secundum
2087 2111 2163 2147 hoc
2191 2111 2335 2159 emptio
2361 2118 2397 2147 et
2424 2123 2516 2147 ven-

1450 2163 1541 2200 ditio
1569 2163 1720 2200 videtur
1747 2176 1831 2200 esse
1859 2164 2073 2201 introducta
2100 2176 2170 2212 pro
2195 2163 2391 2200 communi
2418 2164 2516 2200 utili-

1448 2224 1524 2253 tate
1552 2216 1769 2266 utriusque:
1807 2217 1898 2254 dum
1928 2217 2067 2254 scilicet
2085 2229 2184 2253 unus
2212 2217 2351 2264 indiget
2366 2229 2406 2253 re
2426 2217 2515 2254 alte-

1449 2269 1526 2307 rius
1556 2277 1592 2306 et
1621 2282 1640 2306 e
1661 2282 1861 2318 converso,
1887 2270 1983 2307 sicut
2008 2277 2112 2319 patet
2130 2282 2200 2319 per
2223 2269 2515 2319 Philosophum,

1450 2322 1487 2360 in
1516 2323 1657 2360 IPolit.
1678 2322 1698 2344 *
1727 2323 1844 2370 Quod
1872 2331 2001 2360 autem
2030 2336 2099 2372 pro
2135 2323 2333 2360 communi
2361 2323 2516 2359 utilitate
2546 2336 2554 2343 ·
2602 2341 2625 2362 p.

1453 2376 1745 2423 estjflinductum,
1767 2389 1846 2413 non
1865 2377 1979 2414 debet
2000 2389 2082 2413 esse
2101 2376 2223 2424 magis
2251 2377 2289 2413 in
2309 2388 2518 2424 gravamen
2544 2367 2614 2409 {uf

1451 2429 1564 2465 unius
1591 2441 1708 2477 quam
1746 2429 1908 2466 alterius.
1947 2431 1996 2466 Et
2032 2430 2120 2466 ideo
2157 2430 2271 2466 debet
2307 2430 2518 2466 secundum

1452 2482 1720 2530 aequalitatem
1767 2483 1820 2519 rei
1862 2483 1960 2519 inter
2001 2494 2066 2519 eos
2109 2490 2323 2519 contractus
2364 2482 2516 2519 institui.

1454 2535 1654 2582 Quantitas
1683 2543 1811 2572 autem
1849 2548 1977 2572 rerum
2006 2548 2105 2584 quae
2131 2535 2179 2579 ¹in
2207 2548 2322 2572 usum
2355 2535 2520 2572 hominis

1453 2589 1612 2625 veniunt
1630 2594 1646 2616 Υ
1673 2596 1913 2626 mensuratur
1938 2589 2150 2626 secundum
2177 2589 2342 2638 pretium
2371 2589 2519 2626 datum:

1426 2671 1428 2692 3
1454 2641 1504 2679 ad
1538 2642 1644 2690 quod
1672 2650 1728 2679 est
1764 2642 1964 2679 inventum
1997 2642 2207 2689 numisma,
2240 2650 2282 2679 ut
2310 2643 2446 2679 dicitur
2482 2642 2519 2678 in

1453 2695 1489 2731 V
1506 2695 1627 2732 Ethic.
1647 2694 1673 2717 *Δ
1695 2695 1744 2731 Et
1763 2695 1851 2732 ideo
1880 2695 1910 2732 si
1937 2696 2000 2732 vel
2023 2696 2187 2744 pretium
2217 2696 2375 2732 excedat
2402 2707 2520 2743 quan·
2549 2701 2573 2748 J.-

1454 2748 1599 2785 titatem
1636 2748 1778 2785 valoris
1806 2749 1878 2795 rei,
1907 2750 1969 2785 vel
1999 2761 2019 2784 e
2049 2760 2238 2785 converso
2276 2760 2336 2785 res
2365 2749 2523 2785 excedat

1455 2801 1632 2850 pretium,
1651 2801 1804 2838 tolletur
1830 2801 1990 2838 iustitiae
2019 2802 2236 2849 aequalitas.
2267 2801 2316 2837 Et
2344 2801 2431 2838 ideo
2461 2813 2520 2837 ca-

1456 2915 1513 2944 est
1539 2907 1753 2944 secundum
1782 2919 1824 2944 se
1851 2907 2033 2944 iniustum
2063 2914 2098 2943 et
2125 2907 2306 2943 illicitum.

1509 2959 1596 2996 Alio
1635 2960 1754 2996 modo
1792 2972 2000 3008 possumus
2035 2960 2139 3008 loqui
2175 2960 2221 2996 de
2257 2959 2450 3008 emptione
2488 2967 2523 2995 et

1459 3131 1548 3156 cum
1568 3118 1702 3168 aliquis
1726 3119 1891 3156 multum
1909 3118 2054 3167 indiget
2071 3119 2215 3156 habere
2238 3130 2320 3156 rem
2346 3118 2524 3166 aliquam,

1460 3180 1496 3209 et
1523 3172 1618 3209 alius
1646 3171 1807 3209 laeditur
1834 3172 1864 3208 si
1892 3184 1937 3209 ea
1966 3180 2103 3210 careat.
2133 3173 2182 3209 Et
2207 3172 2247 3209 in
2271 3171 2334 3208 tali
2362 3183 2451 3208 casu
2471 3171 2526 3207 iu-

1460 3233 1558 3262 stum
1587 3225 1752 3274 pretium
1782 3225 1852 3262 erit
1886 3233 1928 3261 ut
1956 3238 2035 3262 non
2067 3226 2193 3262 solum
2231 3224 2449 3272 respiciatur
2476 3225 2525 3261 ad

1460 3291 1542 3315 rem
1571 3290 1670 3327 quae
1697 3278 1887 3325 venditur,
1907 3278 1975 3315 sed
2005 3279 2052 3316 ad
2083 3279 2268 3315 damnum
2301 3278 2406 3325 quod
2433 3289 2526 3314 ven-

1460 3385 1600 3434 aliquid
1637 3384 1753 3422 vendi
1787 3386 1873 3433 plus
1901 3397 2019 3433 quam
2054 3385 2179 3421 valeat
2215 3383 2427 3420 secundum
2463 3395 2524 3429 se,

1461 3438 1639 3487 quamvis
1658 3450 1736 3474 non
1760 3439 1949 3475 vendatur
1967 3439 2051 3486 plus
2073 3449 2190 3485 quam
2210 3437 2336 3473 valeat
2357 3436 2524 3473 habenti.

1513 3554 1540 3585 γ)
1560 3560 1678 3578 rerum...
1694 3553 1811 3577 veniunt.
1825 3566 1843 3570 -
1858 3559 1886 3576 re

1551 3588 1570 3612 p
1889 3553 1923 3576 ἰ...
1939 3552 2047 3576 veniunt
2066 3551 2179 3583 BEch,
2193 3558 2312 3576 rerum...
2326 3551 2398 3576 venit
2411 3551 2441 3580 D,
2460 3550 2526 3575 rei...

1461 3588 1533 3613 venit
1572 3606 1579 3612 .

2540 1805 2705 1833 ‘Li.,.bmcap
2710 1812 2749 1829 xv,

2540 1832 2629 1858 3.1.1ξ6
