2860 4244
59 965 71 976 ⁴
83 964 155 986 Num.
170 969 202 985 vi.

16 3482 31 3491 .-
69 3469 165 3492 ‘Nam
185 3475 222 3498 vt,
242 3470 280 3492 Ex

15 3504 18 3509 ·
66 3496 206 3524 praedictis.

60 1005 149 1027 ‘Num
161 1010 198 1036 ,¹¹¹²
210 1004 271 1028 Con-

44 2238 75 2251 v⁸
121 2237 164 2266 id„
181 2237 276 2266 &per

934 307 1202 353 QUAESTIO
1233 307 1446 355 LXXVIII,
1475 308 1773 345 ARTICULUS
1804 309 1835 344 11

2405 308 2474 344 163

297 387 325 418 ei
355 386 475 427 aliquid
505 386 577 426 plus
601 386 845 416 restituendum:
871 403 892 408 -
917 385 1125 425 respondetur
1155 386 1359 416 concedendo
1386 387 1388 422 ί
1414 397 1482 417 ram
1505 393 1648 417 teneatur
1671 387 1710 416 ad
1726 386 1884 422 interesse,
1902 395 1967 415 non
1992 392 2097 415 tamen
2121 391 2244 415 tenetur
2268 385 2307 414 ad
2330 384 2478 415 interesse

296 431 399 472 quod,
424 430 545 461 seclusa
567 430 697 466 iniuria,
722 440 788 460 non
812 437 858 460 est
880 436 953 469 post
984 438 1108 459 moram
1139 429 1259 469 aliquid
1288 430 1360 469 plus
1386 423 1388 459 l
1415 431 1440 461 si
1460 441 1551 461 mora
1574 437 1655 467 esset
1670 431 1709 460 de
1733 440 1890 461 consensu
1915 429 2086 465 creditoris,
2103 429 2184 459 sicut
2200 438 2256 458 nec
2281 438 2298 458 a
2321 428 2477 468 principio

297 475 494 505 reddendum
517 474 662 505 creditori
686 474 741 514 qui
770 474 804 504 in
830 473 917 504 nulla
939 473 990 503 via
1013 472 1206 512 adipiscendi
1234 474 1360 503 lucrum
1386 495 1387 513 ἶ

296 529 334 549 ex
363 519 498 558 pecunia
532 519 658 549 detenta
687 518 877 557 impeditur,
908 517 1011 558 qualis
1047 523 1093 546 est
1129 516 1181 547 ille
1211 518 1283 558 qui,
1308 518 1360 547 ha-

296 563 401 593 bendo
425 562 603 603 pecuniam,
628 562 722 592 habet
744 562 832 592 illam
855 561 1015 597 absolute;
1047 561 1201 601 quoniam
1234 561 1360 591 nullum

297 607 329 637 in
352 606 481 637 veritate
504 606 652 636 interesse
682 615 794 646 passus
818 612 864 635 est
893 605 964 635 talis
987 605 1130 635 creditor.
1162 605 1236 635 Alio
1260 602 1360 635 modo
1387 603 1388 609 ¹

297 657 344 681 est
358 650 429 691 quis
451 650 570 680 habens
586 649 755 689 pecuniam
778 650 836 679 sub
852 648 1023 679 industria:
1048 655 1078 678 et
1101 648 1145 678 sic
1168 648 1286 679 habens
1307 659 1360 689 pe—

298 694 426 725 cuniam
455 694 549 724 habet
571 693 691 734 aliquid
722 693 794 733 plus
824 702 922 733 quam
946 692 985 722 sit
1012 692 1171 732 quantitas
1197 692 1361 732 pecuniae.
1387 702 1389 719 ι

296 739 371 769 Non
394 745 501 769 tamen
524 743 688 777 propterea
713 736 865 777 sequitur,
890 736 975 776 Ergo
998 742 1104 776 potest
1117 737 1252 766 vendere
1276 743 1306 767 et
1328 736 1361 766 in

297 787 427 822 pactum
449 781 603 812 deducere
626 780 706 810 illud
730 781 812 821 plus,
836 780 896 810 nisi
919 780 1006 810 salvo
1023 786 1104 810 statu
1129 780 1283 820 pecuniae
1302 781 1361 810 sub
1387 791 1389 796 ·

296 825 467 856 industria:
491 825 647 865 quoniam
669 824 750 854 illud
771 825 844 864 plus
864 834 930 854 non
949 824 1043 854 habet
1062 825 1218 860 absolute,
1241 824 1297 854 sed
1315 833 1363 854 ra-

297 869 384 900 tione
407 875 506 899 status
530 868 610 904 talis,
635 868 752 899 scilicet
774 869 833 898 sub
856 868 1019 899 industria.
1051 869 1091 898 Et
1113 867 1175 898 hoc
1197 868 1361 908 loquendo

297 912 495 953 regulariter:
520 922 610 943 secus
633 912 719 942 enim
743 919 789 943 est
812 913 844 942 in
869 912 1120 943 commutatione
1140 911 1361 947 involuntaria,

298 964 334 988 ut
357 956 552 987 declaratum
575 956 663 997 prius
678 956 695 976 *
719 964 774 987 est.

353 1001 404 1031 Ad
427 1000 687 1041 consequentiam
711 1010 748 1031 ex
774 1000 977 1030 antecedente
999 999 1044 1029 sic
1072 998 1232 1028 intellecto
1247 997 1264 1016 *
1287 997 1362 1027 dici-

297 1052 358 1081 tur,
383 1051 419 1075 ut
441 1055 527 1075 nunc
550 1045 671 1076 dictum
696 1051 757 1080 est,
782 1044 871 1084 quod
894 1042 1062 1083 dupliciter
1085 1047 1190 1081 potest
1212 1040 1361 1080 intelligi:
1389 1067 1390 1072 ,

298 1089 425 1124 scilicet,
446 1089 534 1119 salvo
557 1089 614 1119 illo
638 1088 791 1129 pecuniae
813 1093 912 1123 statu;
936 1093 967 1117 et
989 1086 1034 1116 sic
1053 1084 1246 1116 conceditur.
1272 1085 1361 1121 Quo-

298 1133 385 1163 niam
415 1133 539 1163 licitum
569 1139 615 1163 est
649 1133 818 1163 habentem
848 1131 915 1161 duo
947 1130 1080 1160 vendere
1112 1135 1304 1169 utrumque,
1337 1129 1363 1158 si

299 1183 472 1217 utrumque
483 1183 531 1207 est
546 1177 685 1207 salvum:
711 1185 777 1206 non
793 1181 901 1205 autem
918 1173 944 1204 si
960 1174 1095 1203 alterum
1114 1172 1216 1212 periit.
1238 1173 1272 1202 In
1289 1182 1363 1212 pro-

298 1221 406 1261 posito
429 1227 537 1251 autem
560 1219 738 1259 negotiator
761 1218 855 1248 habet
877 1218 954 1248 due.
978 1217 1040 1248 Sed
1064 1226 1138 1247 cum
1162 1216 1287 1247 divertit
1310 1226 1364 1256 pe·
1389 1228 1390 1236 ¹

298 1265 427 1296 cuniam
449 1265 490 1294 ad
511 1271 673 1299 mutuum,
691 1262 824 1292 alterum
843 1271 956 1292 eorum
980 1260 1093 1291 desinit
1112 1270 1149 1291 ex
1163 1260 1233 1300 ipsa
1247 1261 1363 1291 volun-

298 1315 361 1340 tate
383 1308 556 1338 divertente
578 1306 748 1347 pecuniam
770 1315 788 1336 a
805 1312 887 1336 statu
910 1304 1081 1335 industriae
1105 1305 1144 1334 ad
1167 1310 1285 1335 statum
1308 1314 1364 1344 pe-

298 1352 410 1383 cuniae
426 1351 580 1382 absolute.
604 1351 646 1382 Et
667 1350 740 1380 ideo
759 1359 825 1380 non
841 1349 984 1390 sequitur
1006 1348 1096 1389 quod
1119 1348 1220 1388 possit
1241 1355 1364 1379 utrum-
1389 1354 1391 1367 ³

297 1405 361 1437 que
384 1396 529 1434 vendereg
556 1413 585 1421 ι
603 1395 683 1426 Alio
712 1394 812 1424 modo
843 1400 948 1434 potest
976 1392 1108 1432 intelligi
1139 1393 1365 1433 consequentia

269 1445 465 1476 ‚mn,
490 1435 555 1470 s‘ive
579 1438 619 1469 sit
641 1438 765 1469 salvum
788 1444 961 1478 utrumque
984 1436 1048 1467 sive
1072 1445 1154 1466 non:
1187 1442 1218 1466 et
1239 1437 1284 1467 sic
1307 1447 1363 1467 ne-

297 1490 390 1524 gatur
404 1484 543 1524 sequela.
566 1483 633 1513 Nec
657 1482 759 1522 prima
778 1481 846 1512 eius
861 1481 1008 1521 probatio
1025 1480 1144 1520 aliquid
1167 1481 1283 1519 probat
1304 1481 1365 1511 nisi

298 1528 422 1559 salvum
445 1527 487 1558 sit
508 1534 692 1567 utrumque,
716 1533 752 1556 ut
775 1532 860 1565 patet
882 1535 920 1555 ex
942 1534 1028 1555 nunc
1050 1524 1151 1554 dictis.
1175 1524 1226 1554 Ad
1249 1534 1363 1555 secun-

297 1572 374 1603 dam
396 1581 472 1602 vero
495 1571 737 1611 probationem,
761 1579 843 1610 quae
866 1569 966 1608 magis
990 1575 1095 1608 urget,
1120 1567 1234 1598 dicitur
1256 1569 1362 1608 quod,
1390 1570 1391 1583 ¹

299 1622 336 1647 ut
358 1621 444 1655 patet
465 1615 498 1646 in
528 1625 538 1645 1
559 1621 616 1645 art.
640 1623 696 1655 qu.
713 1623 832 1653 praec„
857 1619 933 1643 tunc
956 1611 1071 1642 dicitur
1093 1612 1196 1642 valere
1219 1621 1267 1642 res
1290 1613 1364 1652 plus

298 1659 328 1691 ei
351 1659 408 1701 qui
430 1659 539 1690 vendit
560 1668 659 1699 quam
674 1657 829 1692 absolute,
845 1656 976 1697 quando
992 1662 1064 1686 actu
1081 1655 1175 1686 habet
1190 1656 1276 1686 unde
1291 1656 1365 1696 plus

299 1702 346 1735 illi
367 1702 485 1739 valeat,
510 1709 540 1733 et
570 1711 637 1733 non
659 1701 790 1742 quando
819 1701 913 1731 habet
941 1700 975 1730 in
999 1699 1160 1739 potentia:
1191 1699 1364 1740 quoniam,

299 1753 337 1778 ut
357 1746 401 1778 ibi
424 1746 548 1783 dicitur,
571 1745 717 1777 venditor
738 1745 847 1775 vendit
868 1745 958 1785 quod
981 1754 1076 1774 suum
1100 1749 1162 1779 est,
1186 1753 1253 1774 non
1276 1745 1365 1785 quod
1390 1748 1392 1754 ⁴

299 1800 396 1823 suum
419 1800 487 1821 esse
502 1796 617 1831 potest.
641 1789 779 1820 Pertinet
800 1798 876 1828 ergo
892 1789 1047 1819 damnum
1063 1787 1143 1818 illud
1160 1787 1201 1818 ad
1215 1788 1366 1819 interesse

296 1834 408 1867 damni
430 1833 634 1875 emergentis:
658 1839 766 1864 nostra
789 1839 897 1864 autem
919 1832 1064 1873 quaestio
1084 1838 1132 1862 est
1153 1832 1192 1862 de
1215 1832 1365 1863 interesse

298 1878 379 1911 lucri
394 1878 555 1915 cessantis,
579 1878 669 1919 quod
691 1877 869 1908 secundum
892 1876 1068 1917 potentiam
1087 1875 1268 1907 attenditur.
1291 1877 1366 1908 Non

299 1929 348 1955 est
369 1932 444 1962 ergo
467 1922 570 1953 simile
593 1922 632 1952 de
648 1931 723 1952 casu
746 1921 803 1952 illo
827 1931 893 1962 quo
917 1920 1062 1951 venditor
1085 1920 1157 1960 plus
1180 1927 1286 1960 potest
1307 1931 1365 1951 vo·
1391 1939 1393 1952 ι

299 1966 436 1999 luntarie
457 1967 593 1997 vendere
617 1966 692 2006 quia
715 1965 774 1996 sibi
797 1965 870 2005 plus
891 1965 989 1995 valet:
1015 1971 1046 1996 et
1067 1964 1129 1995 isto
1153 1971 1263 1995 nostro
1280 1975 1364 2002 casu,

300 2021 368 2052 quo
391 2010 570 2051 negotiator
591 2010 661 2041 vult
689 2009 762 2050 plus
785 2016 870 2040 sorte
892 2009 968 2049 quia
991 2008 1049 2039 sibi
1077 2007 1212 2048 pecunia
1236 2016 1283 2039 est
1305 2010 1365 2040 uti-

299 2055 371 2087 lior.
403 2054 488 2092 Quia
509 2054 554 2085 ibi
577 2054 651 2094 plus
672 2053 755 2084 valet
778 2053 837 2083 sibi
860 2060 948 2090 actu,
972 2053 1023 2083 hic
1045 2059 1154 2083 autem
1179 2051 1296 2084 utilitas
1320 2060 1367 2085 est

299 2099 335 2130 in
356 2098 515 2139 potentia:
546 2098 591 2129 ibi
613 2103 660 2129 est
682 2097 802 2138 aliquid
825 2097 898 2137 plus
921 2106 1034 2132 suum,
1058 2096 1111 2127 hic
1133 2106 1200 2127 non
1224 2104 1287 2134 est,
1311 2099 1367 2128 sed

301 2149 408 2183 potest
429 2152 498 2174 esse
520 2152 617 2173 suum
639 2141 760 2182 aliquid
783 2141 867 2181 plus,
889 2141 1046 2182 quoniam
1068 2141 1101 2171 in
1124 2141 1175 2171 via
1198 2147 1254 2172 est.

354 2187 407 2219 Ad
430 2197 467 2218 ea
489 2193 597 2217 autem
626 2195 708 2227 quae
731 2185 880 2216 dicuntur
909 2195 968 2226 pro
992 2185 1144 2215 solvenda
1166 2185 1289 2215 ratione
1317 2196 1367 2216 re-

300 2229 394 2272 gulae
408 2230 436 2267 ¹³,
452 2230 662 2271 respondetur
683 2230 772 2271 quod
799 2230 908 2270 regula
921 2229 1054 2260 traditur
1077 2229 1115 2259 de
1141 2228 1190 2259 his
1213 2239 1295 2269 quae
1315 2230 1367 2260 de-

301 2276 376 2307 bent
397 2274 581 2315 regulariter
603 2274 734 2311 servari,
759 2281 790 2304 et
813 2283 880 2304 non
907 2274 947 2304 de
968 2273 1018 2303 his
1048 2282 1130 2313 quae
1156 2272 1190 2303 in
1214 2273 1269 2304 tali
1293 2283 1367 2304 casu

301 2319 370 2351 fieri
383 2325 532 2359 possunt:
557 2319 620 2349 hoc
633 2318 719 2349 enim
736 2324 855 2358 spectat
873 2318 982 2358 potius
997 2317 1038 2348 ad
1053 2317 1254 2357 exceptiones
1269 2327 1367 2358 quam

301 2363 343 2394 ad
365 2363 500 2404 regulas.
531 2363 624 2394 Unde
647 2362 756 2402 regula
777 2362 854 2392 haec
878 2361 996 2392 docens
1018 2362 1107 2402 quod
1130 2370 1196 2391 non
1220 2361 1292 2392 licet
1315 2362 1368 2392 de-

301 2408 417 2446 ducere
439 2407 472 2438 in
500 2413 630 2448 pactum
651 2406 778 2437 lucrum
807 2415 931 2437 cessans
954 2415 991 2436 ex
1017 2405 1153 2446 pecunia
1175 2415 1274 2446 quam
1297 2406 1369 2446 quis

301 2457 445 2487 mutuat,
469 2451 631 2482 verissima
654 2457 718 2489 est,
743 2457 774 2481 et
801 2450 895 2481 docet
916 2450 950 2480 id
975 2450 1064 2490 quod
1091 2449 1274 2490 regulariter
1301 2449 1369 2480 fieri

301 2495 410 2531 debet;
430 2501 461 2526 et
476 2494 619 2525 formalis
635 2501 682 2526 est
696 2495 735 2524 de
750 2494 903 2534 potentia,
919 2501 951 2524 et
966 2493 1218 2524 commutatione
1234 2494 1368 2525 omnino

301 2538 490 2575 voluntaria,
515 2539 617 2580 qualis
637 2545 684 2569 est
705 2545 863 2569 mutuare.
886 2539 974 2569 Tum
990 2538 1066 2579 quia
1082 2538 1216 2578 pecunia
1233 2548 1299 2568 non
1315 2548 1368 2568 so-

301 2583 371 2615 lum
394 2589 477 2614 caret
499 2583 590 2614 lucro
611 2583 646 2613 in
669 2588 750 2619 actu,
775 2583 830 2613 sed
854 2582 948 2613 etiam
971 2581 1005 2612 in
1028 2582 1094 2612 via:
1119 2582 1213 2612 habet
1229 2592 1368 2623 namque

301 2627 381 2659 illud
404 2627 512 2659 solum
540 2627 574 2658 in
597 2626 739 2667 potentia
763 2626 928 2657 communi
959 2636 1026 2656 non
1055 2625 1242 2656 aestimabili
1272 2637 1369 2666 supra

301 2671 406 2712 ipsam
429 2671 609 2711 pecuniam.
633 2671 722 2702 Tum
737 2671 812 2711 quia
827 2670 962 2711 pecunia
978 2670 1186 2710 negotiatoria
1207 2680 1273 2700 non
1297 2677 1369 2710 pot-

302 2722 350 2747 est
371 2715 552 2747 voluntaria
570 2715 822 2746 commutatione
846 2715 956 2745 diverti
979 2715 1020 2744 ad
1041 2721 1194 2745 mutuum
1218 2724 1293 2745 cum
1317 2725 1369 2745 su-

303 2759 466 2799 peraddita
488 2759 706 2790 aestimatione
735 2759 928 2799 inquantum
957 2758 1136 2789 lucratoria.
1169 2759 1262 2789 Unde
1293 2769 1368 2789 cum

304 2812 363 2835 nec
385 2803 425 2844 de
448 2802 583 2843 pecunia
605 2803 766 2839 absolute,
789 2813 848 2833 nec
871 2803 910 2833 de
933 2802 1070 2843 pecunia
1091 2802 1302 2842 negotiatoria
1331 2803 1368 2833 li-
1395 2823 1396 2826 =

304 2853 373 2878 ceat
394 2846 575 2886 regulariter
598 2846 777 2877 mutuando
801 2846 923 2887 exigere
946 2846 1067 2887 aliquid
1089 2846 1162 2887 plus
1179 2854 1272 2882 sorte,
1293 2847 1369 2887 quia

303 2890 337 2920 in
360 2890 495 2930 pecunia
513 2899 595 2931 quae
611 2896 776 2921 mutuatur
797 2900 864 2921 non
881 2891 1014 2921 habetur
1035 2890 1161 2920 lucrum
1176 2890 1209 2920 in
1225 2897 1297 2921 actu
1314 2897 1369 2921 aut
1395 2887 1396 2922 Ῐ
1422 2892 1478 2923 fiat
1500 2892 1591 2933 quasi
1614 2903 1679 2923 una
1702 2902 1828 2923 summa
1851 2892 2004 2932 pecuniae
2023 2891 2205 2922 communis
2221 2891 2281 2921 illis
2305 2891 2486 2931 proportio-

303 2934 364 2971 via,
389 2935 445 2965 sed
467 2933 574 2965 solum
596 2933 629 2964 in
653 2934 796 2974 potentia
818 2934 984 2965 communi
1006 2943 1073 2964 non
1095 2933 1297 2970 aestimabili;
1322 2944 1369 2964 se-

304 2978 414 3019 quitur
437 2984 468 3009 et
489 2978 579 3019 quod
602 2978 711 3017 regula
733 2977 773 3008 sit
795 2978 927 3018 optima,
951 2984 982 3008 et
1004 2978 1094 3018 quod
1116 2977 1197 3008 ratio
1218 2978 1286 3008 eius
1310 2984 1370 3009 stet

304 3022 417 3053 solida.
442 3039 463 3045 -
490 3022 557 3052 Nec
580 3022 686 3052 obstat
712 3021 781 3052 aliis
803 3021 952 3052 Auctoris
980 3021 1080 3052 dictis.
1112 3021 1196 3059 Quia
1223 3022 1369 3061 superius

303 3067 432 3097 locutus
455 3073 502 3096 est
524 3067 563 3096 de
586 3066 676 3096 lucro
699 3066 788 3106 quod
811 3066 944 3097 habetur
965 3065 998 3095 in
1018 3065 1078 3101 via,
1102 3072 1133 3096 et
1156 3065 1195 3095 de
1217 3066 1312 3096 rebus
1335 3066 1368 3096 in

305 3110 422 3151 quibus
446 3116 493 3141 est
520 3110 646 3140 lucrum
669 3109 702 3139 in
724 3110 774 3140 via
797 3110 890 3140 salvis
913 3110 945 3140 in
969 3109 1025 3140 illo
1049 3115 1132 3140 statu
1162 3119 1228 3150 quo
1253 3110 1370 3140 habent

305 3156 432 3186 lucrum
455 3154 487 3184 in
510 3154 576 3189 via,
600 3153 644 3184 ita
672 3154 762 3194 quod
784 3153 818 3184 in
840 3154 896 3184 illo
921 3160 1003 3184 statu
1030 3160 1244 3194 occupentur,
1269 3153 1369 3194 impe·
1396 3163 1397 3172 ¹

305 3199 433 3229 diantur
454 3198 506 3228 vel
529 3198 712 3228 alienentur.
729 3215 749 3219 —
771 3198 823 3228 Ad
847 3197 1122 3228 confirmationem
1145 3198 1277 3228 demum
1300 3198 1371 3228 ulti-

305 3252 393 3273 mam
417 3242 531 3273 dicitur
546 3242 635 3282 quod
657 3242 722 3272 iam
740 3248 826 3282 patet
840 3242 930 3283 quod
952 3238 1301 3274 &oluntariedivertens
1316 3252 1370 3283 pe-
1396 3237 1397 3266 ἶ

306 3287 434 3318 cuniam
448 3287 487 3316 ab
503 3285 656 3316 industria
671 3286 895 3325 negotiationis
917 3286 968 3316 vel
987 3286 1168 3326 emptionis,
1187 3295 1253 3316 non
1277 3286 1371 3326 exigit

306 3331 428 3362 ratione
445 3329 604 3371 potentiae
619 3329 771 3369 pecuniae
795 3331 853 3361 sub
869 3330 1032 3367 industria,
1052 3330 1128 3371 quia
1150 3330 1204 3360 illa
1222 3330 1370 3370 amplius,

305 3375 376 3415 ipso
401 3375 444 3405 sic
466 3374 610 3409 volente,
634 3383 700 3403 non
723 3380 780 3404 est.
803 3374 844 3404 Et
871 3381 1037 3415 propterea
1060 3384 1127 3405 non
1156 3374 1216 3404 nisi
1240 3380 1371 3414 propter

306 3428 402 3450 usum
426 3418 529 3459 exigit.
547 3436 568 3441 —
592 3417 678 3449 Cum
700 3417 778 3448 haec
800 3424 906 3448 tamen
928 3418 1050 3459 regula,
1075 3425 1107 3449 et
1125 3418 1210 3448 illius
1232 3418 1369 3455 ratione,

307 3508 379 3538 bere
401 3507 559 3538 rationem
582 3505 690 3536 damni
717 3505 807 3546 quod
829 3505 900 3546 quis
923 3506 1041 3546 patitur
1071 3516 1107 3536 ex
1130 3506 1192 3536 hoc
1220 3506 1308 3546 quod
1332 3507 1370 3536 de

307 3594 540 3635 impeditorem.

364 3638 405 3669 Et
427 3645 473 3669 est
496 3649 532 3669 ex
549 3638 638 3669 dictis
658 3638 778 3668 clarum
795 3637 883 3677 quod
902 3637 1048 3677 quamvis
1072 3637 1194 3668 debitor
1210 3645 1284 3676 post
1300 3647 1371 3667 mo-

306 3469 367 3494 stat
381 3463 470 3504 quod
493 3463 527 3492 in
550 3471 623 3493 casu
641 3461 743 3502 qualis
757 3467 804 3492 est
825 3471 915 3492 casus
938 3462 1048 3494 tertius
1062 3462 1089 3499 *,
1105 3462 1228 3493 licitum
1248 3469 1294 3493 est
1316 3462 1371 3493 ha·
1397 3474 1398 3479 ¹

1415 475 1613 515 obligabatur
1631 475 1670 504 ad
1685 475 1832 505 interesse
1857 474 1932 515 quia
1948 475 1987 504 de
2001 483 2158 504 consensu
2175 472 2337 503 creditoris
2360 472 2476 503 tenuit:

1415 519 1557 549 eiusdem
1582 519 1739 559 siquidem
1763 519 1892 549 rationis
1915 525 1962 548 est
1991 518 2106 548 habere
2134 516 2254 557 aliquid
2281 517 2320 546 ab
2344 516 2423 552 alio,
2449 524 2479 547 et

1386 570 1388 596 1
1415 562 1592 592 conservari
1615 563 1653 593 ab
1678 563 1802 593 eodem.
1826 563 1919 594 Unde
1943 561 2078 592 creditor
2101 571 2166 591 non
2189 567 2294 600 potest
2316 567 2389 600 post
2408 571 2479 590 mo-

1415 616 1483 636 ram
1513 607 1667 636 deducere
1698 607 1730 636 in
1755 614 1884 646 pactum
1907 613 1943 637 ut
1973 606 2011 636 de
2037 605 2161 646 reliquo
2185 604 2294 635 futuro
2323 611 2477 645 tempore,

1387 680 1389 693 ‚
1417 650 1518 680 donec
1533 650 1669 680 tenuerit
1685 650 1808 680 debitor
1823 660 1913 681 suam
1930 650 2109 690 pecuniam,
2128 649 2229 679 solvat
2248 655 2382 684 tantum,
2399 649 2479 679 sicut

1415 704 1481 724 non
1505 700 1629 733 poterat
1650 694 1712 724 hoc
1735 704 1753 724 a
1777 694 1952 734 principio:
1985 694 2059 734 quia
2083 703 2148 724 non
2173 699 2220 723 est
2246 693 2278 722 in
2302 702 2393 723 mora
2423 692 2479 733 qui

1415 738 1454 768 de
1478 747 1634 768 consensu
1659 738 1781 768 domini
1806 748 1871 768 non
1895 738 2006 769 reddit.
2030 738 2138 768 Potest
2161 745 2267 768 tamen
2291 736 2411 776 exigere
2431 736 2478 766 in-

1415 788 1528 812 teresse
1553 781 1709 820 praeteriti
1733 782 1886 822 temporis
1910 792 1976 822 quo
2001 782 2060 812 fuit
2083 782 2116 811 in
2139 790 2238 811 mora.

1471 825 1554 855 V111.
1579 825 1614 854 In
1638 825 1844 865 responsione
1867 827 1906 856 ad
1931 826 2107 856 secundum
2123 825 2265 855 eiusdem
2289 824 2410 855 articuli
2433 833 2478 854 se-

1416 868 1512 899 cundi
1527 868 1623 898 habes
1639 869 1719 899 clare
1739 870 1827 909 quod
1846 870 1993 900 limitatio
2010 879 2108 910 quam
2125 868 2222 909 aliqui
2238 869 2314 899 dant
2331 868 2377 899 illi
2393 868 2479 899 dicto

1415 913 1448 942 in
1471 912 1677 952 responsione
1701 914 1741 942 ad
1764 920 1930 953 quartum,
1955 913 2071 944 scilicet
2100 913 2190 953 quod
2217 922 2284 943 non
2311 912 2383 943 licet
2410 923 2480 943 mu-

1415 956 1517 987 tuanti
1541 956 1695 986 deducere
1718 957 1751 986 in
1774 964 1904 997 pactum
1928 957 2213 988 remutuationem:
2245 957 2334 997 quod
2364 957 2481 987 scilicet

1416 999 1659 1039 intelligendum
1682 1007 1730 1031 est
1758 1001 1889 1041 quando
1914 1001 2119 1031 deduceretur
2146 1001 2179 1030 in
2202 1008 2332 1040 pactum
2360 1000 2480 1041 simpli-

1417 1044 1508 1080 citer,
1533 1053 1599 1074 non
1623 1051 1730 1075 autem
1754 1045 1779 1074 si
1804 1045 1977 1075 deducatur
2005 1045 2038 1075 in
2061 1051 2191 1084 pactum
2223 1054 2297 1074 cum
2324 1044 2478 1074 conditio-

1416 1088 1510 1118 nibus
1533 1088 1650 1128 quibus
1674 1088 1851 1119 extantibus
1876 1089 2010 1119 naturali
2033 1089 2100 1118 iure
2123 1088 2176 1118 ille
2199 1095 2356 1118 teneretur
2374 1098 2478 1118 remu-

1417 1139 1516 1168 tuare,
1541 1139 1637 1172 puta,
1662 1133 1691 1162 si
1714 1132 1884 1173 indiguero
1908 1138 1938 1163 et
1960 1138 1994 1163 tu
2018 1132 2180 1163 commode
2200 1133 2339 1172 poteris,
2356 1139 2434 1162 etc.:
2459 1150 2480 1156 -

1416 1175 1574 1212 limitatio,
1599 1176 1741 1217 inquam,
1761 1176 1820 1207 ista
1837 1183 1883 1207 est
1906 1176 1993 1213 falsa,
2017 1183 2147 1216 propter
2171 1176 2246 1206 duo.
2270 1176 2389 1211 Primo,
2407 1176 2482 1216 quia

1417 1229 1560 1259 expresse
1583 1220 1684 1251 littera
1708 1220 1767 1257 hic,
1793 1221 1972 1260 arguendo,
1998 1220 2134 1260 opponit
2157 1220 2246 1260 quod
2269 1229 2331 1250 non
2356 1220 2482 1250 videtur

1389 1282 1391 1298 ,›
1417 1273 1485 1295 esse
1508 1265 1654 1295 illicitum
1670 1264 1816 1305 obligare
1830 1274 1865 1295 se
1887 1265 1930 1295 ad
1944 1264 2067 1305 aliquid
2088 1264 2131 1294 ad
2149 1264 2233 1304 quod
2252 1264 2398 1294 naturali
2412 1266 2483 1294 iure

1389 1326 1391 1338 ι
1419 1313 1563 1339 tenetur:
1592 1315 1622 1339 et
1651 1309 1822 1348 respondet
1850 1309 1938 1349 quod
1968 1309 2028 1339 tali
2049 1308 2151 1339 debito
2182 1318 2243 1338 non
2273 1309 2419 1347 competit
2441 1309 2482 1338 ci-

1417 1353 1490 1383 vilis
1505 1352 1668 1393 obligatio.
1693 1353 1774 1383 Ecce
1794 1353 1882 1393 quod
1899 1352 2064 1383 manifeste
2080 1352 2155 1382 dicit
2177 1352 2266 1393 quod
2290 1361 2355 1382 non
2378 1358 2483 1391 potest

1416 1396 1450 1426 in
1473 1396 1598 1427 civilem
1622 1396 1850 1436 obligationem
1877 1397 1991 1427 deduci
2014 1396 2165 1427 naturalis
2190 1396 2342 1436 obligatio
2366 1396 2405 1426 ad
2429 1406 2483 1425 an-

1390 1446 1391 1478 ]
1416 1440 1527 1476 tidota,
1545 1441 1583 1471 de
1604 1451 1668 1481 qua
1689 1441 1843 1481 loquitur.
1859 1459 1880 1463 -
1896 1441 2044 1472 Secundo
2067 1440 2152 1480 quia,
2169 1440 2253 1471 utin
2275 1440 2483 1479 responsione

1389 1506 1391 1512 <
1417 1484 1456 1514 ad
1479 1491 1627 1525 quartum
1653 1485 1785 1519 dicitur,
1810 1485 1880 1515 talis
1905 1484 2056 1524 obligatio
2081 1484 2180 1514 civilis
2205 1491 2251 1514 est
2274 1483 2409 1524 pecunia
2432 1493 2482 1514 ae-

1390 1553 1391 1566 2
1418 1528 1601 1559 stimabilis:
1632 1538 1667 1558 ac
1690 1538 1747 1568 per
1769 1529 1847 1565 hoc,
1873 1539 1948 1559 cum
1971 1529 2228 1569 quibuscumque
2251 1527 2307 1558 fiat
2329 1527 2483 1558 conditio-

1417 1572 1520 1607 nibus,
1537 1572 1610 1612 plus
1633 1579 1716 1602 sorte
1739 1582 1776 1602 ex
1792 1580 1885 1612 pacto
1910 1573 2051 1612 exigitur,
2068 1580 2099 1603 et
2121 1582 2216 1603 usura
2236 1578 2292 1603 est.

1474 1615 1612 1646 Licitum
1627 1623 1743 1652 tamen,
1769 1623 1805 1646 ut
1827 1616 1947 1646 dictum
1964 1616 2024 1647 fuit
2038 1616 2065 1652 *,
2093 1623 2140 1646 est
2162 1616 2247 1646 nolle
2271 1622 2416 1646 mutuare
2439 1616 2485 1646 illi

1418 1669 1516 1700 quem
1532 1660 1627 1690 credo
1643 1666 1699 1690 aut
1712 1660 1811 1690 timeo
1826 1660 1985 1700 ingratum
2002 1660 2079 1696 fore,
2093 1660 2209 1690 scilicet
2221 1661 2311 1699 quod
2327 1669 2392 1690 non
2406 1660 2484 1690 mihi

1417 1710 1612 1734 remutuaret
1634 1711 1689 1734 aut
1712 1704 1839 1734 serviret
1863 1714 1937 1734 cum
1959 1714 2043 1744 opus
2066 1711 2161 1734 esset:
2187 1704 2262 1744 quia
2284 1713 2350 1734 non
2378 1704 2486 1734 minus

1417 1747 1542 1778 licitum
1559 1754 1606 1778 est
1628 1747 1781 1787 respicere
1798 1748 1837 1778 ad
1861 1747 2008 1778 effectum
2033 1748 2227 1778 contrarium
2250 1747 2305 1788 qui
2322 1754 2368 1778 est
2390 1747 2423 1777 in
2439 1747 2485 1777 in-

1417 1798 1517 1831 grato,
1535 1802 1634 1832 quam
1650 1792 1690 1822 ad
1709 1791 1855 1822 effectum
1872 1792 2036 1823 amicitiae.
2061 1792 2148 1822 Haec
2163 1798 2271 1822 autem
2287 1791 2396 1821 omnia
2419 1791 2485 1821 sine

1418 1833 1527 1876 p'acto‚
1552 1846 1590 1866 ex
1613 1835 1724 1866 affectu
1746 1836 1845 1866 animi
1873 1842 2092 1876 expectantur,
2115 1842 2269 1876 tanquam
2292 1845 2329 1865 ex
2352 1835 2486 1865 naturali

1419 1879 1538 1910 debito.

1474 1924 1527 1954 lx.
1549 1924 1584 1954 In
1599 1924 1807 1964 responsione
1821 1925 1861 1955 ad
1885 1931 2035 1965 quartum
2050 1923 2192 1954 eiusdem
2213 1923 2345 1959 articuli,
2361 1923 2487 1953 adverte

1419 1969 1508 2009 quod
1531 1968 1605 1998 hinc
1629 1968 1724 1998 habes
1754 1969 1844 2009 quod
1867 1967 2035 1999 fideiussor
2057 1975 2162 2008 potest
2185 1967 2306 2008 aliquid
2333 1967 2487 2007 pecuniae

1419 2012 1540 2052 exigere
1564 2019 1600 2042 ut
1622 2011 1801 2043 fideiubeat.
1831 2012 1995 2050 Quoniam
2016 2011 2221 2042 fideiubendo
2245 2011 2366 2052 obligat
2389 2021 2421 2041 se
2445 2011 2486 2041 ci-

1418 2056 1520 2086 viliter
1544 2057 1583 2086 ad
1607 2056 1798 2087 solvendum
1821 2066 1880 2097 pro
1905 2056 1978 2092 alio,
2003 2056 2092 2096 quod
2112 2066 2176 2086 non
2198 2062 2244 2086 est
2262 2055 2369 2085 minus
2388 2065 2487 2095 quam

1420 2100 1560 2140 obligare
1583 2110 1616 2130 se
1640 2101 1680 2131 ad
1702 2101 1934 2137 mutuandum;
1959 2110 1995 2131 ac
2014 2109 2070 2140 per
2088 2100 2160 2135 hoc,
2185 2099 2260 2140 quia
2276 2099 2428 2139 obligatio
2446 2099 2486 2129 ad

1420 2145 1636 2175 mutuandum
1659 2151 1764 2184 potest
1786 2145 1889 2180 vendi,
1914 2151 1950 2175 ut
1969 2144 2002 2174 in
2021 2144 2123 2175 littera
2140 2143 2263 2180 dicitur,
2288 2153 2487 2184 consequens

1394 2206 1395 2219 ι
1421 2195 1468 2219 est
1490 2195 1526 2219 ut
1549 2188 1701 2228 obligatio
1725 2189 1764 2218 ad
1787 2189 1977 2219 solvendum
2001 2198 2059 2229 pro
2083 2188 2146 2218 alio
2177 2188 2278 2227 possit
2299 2187 2413 2224 vendi,
2438 2194 2487 2218 ut-

1420 2240 1496 2273 pote
1519 2232 1654 2272 pecunia
1676 2232 1894 2269 aestimabilis;
1923 2233 2006 2263 hanc
2033 2239 2140 2262 autem
2168 2231 2397 2271 obligationem
2427 2231 2486 2261 im-

1421 2283 1527 2317 portat
1548 2275 1721 2307 fideiussio.
1754 2276 1874 2314 Quanti
1897 2283 2004 2307 autem
2029 2276 2222 2306 aestimanda
2245 2282 2292 2306 est
2313 2274 2486 2311 fideiussio,

1422 2320 1607 2361 prudentiae
1637 2320 1816 2361 sapientum
1846 2320 1880 2351 in
1906 2321 1955 2351 his
1983 2320 2260 2351 determinandum
2286 2319 2485 2360 relinquitur.

1476 2366 1515 2395 X.
1539 2365 1575 2398 In
1599 2365 1806 2405 responsione
1837 2365 1876 2395 ad
1899 2365 2066 2405 quintum,
2092 2364 2147 2395 ubi
2175 2364 2214 2394 de
2236 2363 2326 2394 lucro
2351 2373 2388 2394 ex
2411 2373 2487 2394 con-

1421 2416 1522 2440 tractu
1554 2409 1710 2439 societatis
1739 2409 1858 2449 agitur,
1883 2409 1909 2439 si
1937 2409 1976 2438 ad
2005 2408 2204 2449 particularia
2230 2407 2488 2438 descendendum

1395 2470 1396 2486 ι
1421 2461 1502 2484 esset
1521 2453 1560 2483 de
1579 2453 1708 2483 diversis
1727 2453 1845 2484 artibus
1866 2459 1896 2483 et
1915 2452 2059 2488 soccidis,
2075 2452 2170 2483 nimis
2186 2458 2281 2482 esset:
2306 2461 2381 2483 cum
2396 2451 2487 2482 valde

1421 2497 1591 2528 varientur.
1621 2497 1770 2527 Formale
1797 2504 1921 2532 autem,
1946 2497 1986 2527 de
2013 2507 2079 2537 quo
2103 2503 2150 2527 est
2176 2495 2321 2531 scientia,
2347 2495 2490 2526 consistit

1421 2541 1454 2572 in
1479 2542 1615 2571 duobus.
1640 2540 1759 2577 Primo,
1779 2541 1869 2581 quod
1890 2541 2021 2580 capitale
2045 2541 2165 2571 substet
2188 2539 2330 2580 periculo
2354 2539 2435 2570 sicut
2458 2546 2489 2570 et

1422 2585 1522 2616 lucro.
1539 2603 1560 2607 -
1577 2585 1735 2621 Secundo,
1753 2585 1841 2626 quod
1862 2585 1903 2615 ita
1927 2584 2208 2625 proportionatum
2232 2584 2271 2614 sit
2294 2584 2419 2614 lucrum
2439 2593 2488 2614 ca-

1422 2629 1511 2669 pitali
1542 2636 1578 2660 ut
1607 2629 1743 2660 salvetur
1773 2629 1876 2659 debita
1900 2629 2066 2669 proportio
2089 2628 2168 2658 lucri
2192 2628 2231 2658 ad
2255 2628 2395 2658 socium:
2426 2628 2488 2658 hoc

1423 2680 1469 2704 est
1492 2674 1580 2714 quod
1604 2680 1670 2703 tam
1693 2673 1819 2704 lucrum
1843 2683 1941 2714 quam
1966 2673 2119 2703 damnum
2143 2671 2423 2712 proportionaliter
2442 2681 2488 2702 re-

1424 2717 1580 2758 spondeat
1609 2717 1724 2758 cuique
1749 2717 1837 2747 socio
1867 2717 2001 2756 ponenti
2031 2716 2201 2756 pecuniam
2224 2716 2275 2746 vel
2302 2725 2415 2755 operas
2438 2716 2488 2745 vel

1421 2761 1621 2792 industriam.
1641 2778 1662 2784 -
1686 2761 1811 2798 Quibus
1835 2761 1916 2791 adde
1937 2761 2076 2796 tertium,
2092 2767 2246 2800 tanquam
2269 2769 2423 2790 canonem
2448 2760 2487 2789 ad

1421 2805 1576 2836 iustitiam
1593 2815 1718 2845 semper
1740 2805 1926 2835 servandam
1942 2805 1976 2834 in
1997 2804 2200 2834 huiusmodi:
2226 2803 2343 2834 scilicet
2358 2803 2446 2844 quod
2470 2814 2488 2833 a

1423 2849 1580 2889 principio
1604 2849 1810 2879 aestimentur
1833 2848 1975 2888 singulae
1998 2848 2160 2878 sociorum
2184 2847 2361 2887 portiones,
2386 2853 2416 2877 et
2439 2847 2488 2877 his

1395 2965 1397 2974 ‚
1424 2936 1585 2972 nabiliter,
1609 2936 1690 2967 idest
1713 2936 1890 2967 secundum
1913 2946 1986 2966 suas
2009 2942 2108 2971 ratas;
2140 2942 2170 2966 et
2194 2935 2342 2974 deinceps
2365 2942 2431 2965 tam
2454 2935 2487 2965 in

1422 2980 1513 3011 lucro
1537 2990 1635 3020 quam
1658 2980 1691 3010 in
1715 2981 1844 3016 damno,
1869 2980 1902 3010 in
1921 2979 2076 3010 divisione
2091 2979 2188 3010 totius
2209 2978 2408 3015 remanentis,
2425 2989 2487 3009 ser-

1395 3040 1397 3059 2
1423 3031 1514 3054 vetur
1546 3023 1657 3054 divisio
1689 3033 1724 3054 ac
1753 3024 1778 3054 si
1808 3024 1904 3054 talem
1932 3033 2093 3054 summam
2122 3023 2276 3063 pecuniae
2306 3022 2488 3063 posuissent

1424 3067 1712 3108 proportionaliter.
1745 3067 1839 3098 Verbi
1863 3067 1977 3107 gratia,
2001 3074 2076 3098 sunt
2099 3074 2160 3098 tres
2190 3067 2283 3098 socii:
2315 3077 2398 3097 unus
2429 3077 2486 3107 po-

1423 3111 1469 3142 nit
1491 3111 1578 3142 mille
1602 3111 1744 3147 ducatos,
1770 3112 1846 3142 alter
1864 3111 1956 3151 ponit
1975 3121 2087 3151 operas
2102 3111 2280 3142 aestimatas
2296 3111 2393 3146 mille,
2410 3111 2487 3141 alter

1423 3156 1516 3196 ponit
1530 3155 1717 3186 industriam
1735 3155 1933 3186 aestimatam
1947 3155 2139 3196 quingentis.
2163 3155 2355 3186 stabilienda
2370 3161 2416 3185 est
2435 3165 2487 3185 so—

1396 3232 1397 3236 ,
1424 3200 1518 3231 cietas
1542 3209 1578 3230 ac
1600 3199 1626 3230 si
1653 3199 1686 3229 hi
1708 3206 1770 3230 tres
1801 3199 1982 3239 posuissent
2014 3200 2080 3230 duo
2104 3199 2203 3230 millia
2234 3206 2264 3229 et
2296 3199 2487 3239 quingentos

1424 3244 1573 3274 ducatos:
1603 3243 1646 3274 ita
1669 3250 1775 3274 tamen
1799 3250 1835 3274 ut
1857 3243 1966 3275 tertius
1990 3253 2115 3284 semper
2145 3253 2204 3283 pro
2227 3243 2394 3273 medietate
2417 3250 2485 3274 stet.

1396 3309 1398 3316 ,
1422 3288 1464 3318 Et
1486 3288 1530 3318 sic
1552 3287 1679 3318 lucrum
1702 3287 1909 3318 dividendum
1925 3294 1971 3318 est
1994 3295 2039 3323 ut,
2064 3287 2089 3318 si
2110 3287 2226 3318 fuerint
2248 3287 2401 3327 quinque,
2426 3294 2485 3317 ter-

1423 3332 1486 3362 tius
1514 3332 1627 3362 habeat
1650 3342 1768 3368 unum,
1793 3338 1926 3372 uterque
1949 3338 2056 3362 autem
2079 3331 2216 3362 aliorum
2240 3331 2316 3361 duo.
2351 3331 2392 3361 Et
2417 3338 2486 3361 tan-

1425 3376 1498 3406 dem
1521 3375 1678 3416 quidquid
1702 3383 1845 3415 superest
1868 3376 1981 3406 eodem
2006 3375 2105 3405 modo
2129 3374 2335 3404 dividendum
2359 3380 2420 3410 est,
2444 3374 2487 3404 ita

1397 3418 1398 3454 ἰ
1425 3420 1524 3461 quod,
1542 3419 1567 3450 si
1584 3426 1754 3460 supersunt
1770 3420 1836 3450 duo
1851 3419 1949 3450 millia
1965 3426 1995 3449 et
2010 3418 2185 3459 quingenti,
2199 3418 2286 3448 mille
2301 3418 2415 3449 dentur
2430 3418 2486 3448 uni

1425 3470 1455 3494 et
1470 3463 1557 3494 mille
1574 3463 1662 3494 alteri
1678 3470 1708 3494 et
1723 3463 1889 3504 quingenti
1905 3463 2007 3494 tertio.
2032 3462 2186 3503 Alioquin
2202 3462 2259 3493 iste
2274 3461 2488 3493 damnificare·

1397 3523 1399 3544 ῃ
1425 3514 1476 3538 tur
1496 3507 1529 3538 in
1553 3507 1674 3548 perdita
1698 3507 1860 3542 industria,
1884 3514 1914 3537 et
1937 3507 1989 3537 ille
2011 3506 2044 3536 in
2069 3516 2175 3547 opera,
2198 3514 2228 3537 et
2257 3506 2311 3547 qui
2336 3507 2487 3547 apposuit

307 3551 442 3590 pecunia
471 3550 679 3590 negotiatoria
710 3559 776 3579 non
801 3557 906 3589 potest
934 3549 1047 3580 lucrari
1070 3559 1126 3590 per
1153 3557 1371 3581 occurrentem
1397 3555 1399 3601 I
1425 3551 1594 3592 pecuniam
1610 3552 1792 3582 lucraretur.
1813 3551 1853 3581 Et
1872 3551 1974 3580 simile
1989 3550 2079 3581 estin
2096 3550 2229 3581 soccidis
2245 3550 2440 3581 animalium.

1480 3596 1533 3625 XI.
1559 3595 1594 3625 In
1618 3595 1824 3635 responsione
1841 3595 1880 3624 ad
1897 3601 2029 3630 sextum,
2047 3594 2121 3635 quia
2136 3594 2179 3624 ibi
2202 3595 2304 3634 agitur
2327 3595 2365 3624 de
2382 3594 2485 3624 fructu

1425 3638 1580 3679 pignoris,
1606 3639 1684 3669 scito
1709 3639 1797 3679 quod
1821 3641 1942 3668 Auctor
1965 3638 2107 3678 loquitur
2134 3639 2172 3669 de
2197 3639 2328 3678 pignore
2352 3639 2484 3679 inquan-

2512 1623 2522 1633 ⁸
2536 1624 2586 1645 Art.
2607 1623 2720 1652 praeced„

2512 1649 2644 1672 comment.
2659 1656 2680 1671 n.
2690 1656 2721 1676 nx,

2513 1676 2560 1698 Nec
2570 1678 2649 1704 putes.
