2860 4244
34 818 35 823 ¹
340 819 530 902 Dux-nnn
559 807 880 845 considerandum
905 815 960 844 est
989 807 1037 845 de
1062 807 1320 857 assumptione
1346 807 1426 845 di·
1424 833 1425 836 =

100 866 201 917 11³th
211 872 309 893 Μ’

1049 298 1316 345 QUAESTIO
1346 299 1428 346 XC,
1456 298 1751 336 ARTICULUS
1781 299 1794 334 I
2435 307 2504 344 29¹

931 488 1342 566 QUAESTIO
1388 489 1924 545 NONAGESIMA

463 609 547 649 DE
579 608 1008 650 ASSUMPTIONE
1041 609 1229 649 DIVINI
1262 607 1513 649 NOMINIS
1548 608 1664 647 PER
1697 608 1926 649 MODUM
1949 607 2389 649 ADIURATIONIS

1160 724 1194 748 IN
1222 724 1313 749 TRES
1339 722 1542 748 ARTICULOS
1570 722 1686 747 DIVlSA

1506 806 1708 843 Secundo:
1737 814 1865 844 utrum
1893 807 2003 845 liceat
2031 808 2205 845 adiurare
2234 809 2454 847 daemones.

422 873 501 898 vini
528 860 694 898 nominis
721 872 789 909 per
817 860 978 898 modum
1005 860 1251 898 adiurationis
1269 860 1300 897 ³⁸.

313 914 388 951 Et
416 914 514 950 circa
540 914 616 950 hoc
643 921 878 962 quaeruntur
905 914 986 951 tria.

391 966 544 1004 Primo:
573 975 701 1004 utrum
729 967 838 1004 liceat
870 966 1043 1004 adiurare
1071 966 1258 1004 homines.

1135 1064 1452 1107 ARTICULUS
1482 1064 1691 1106 PRIMUS

1019 1167 1175 1199 UTRUM
1198 1166 1358 1198 LICEAT
1381 1166 1593 1198 HOMINEM
1614 1167 1836 1198 ADIURARE

1506 884 1658 920 Tertio:
1687 891 1815 921 utrum
1835 885 1945 922 liceat
1963 886 2136 924 adiurare
2160 887 2394 925 irrationales
2414 901 2516 926 crea-

1561 971 1675 1000 turas.

460 1279 527 1317 <551⁶
551 1267 574 1292 D
602 1266 740 1292 PRIMUM
764 1266 818 1292 sle
845 1266 1084 1292 PROCEDlTUR.
1110 1254 1271 1291 Videtur
1294 1255 1429 1302 quod
1455 1261 1510 1290 est
1529 1254 1708 1291 dominus
1729 1266 1864 1291 eorum
1890 1267 1988 1305 quae
2017 1263 2104 1292 sunt
2122 1256 2170 1292 ab
2190 1256 2263 1293 alio
2284 1258 2441 1305 agenda.
2471 1260 2520 1296 Et

391 1308 421 1363 ⁷er
471 1299 522 1365 ἓξ
551 1320 630 1345 non
645 1308 754 1345 liceat
767 1308 966 1345 hominem
981 1308 1165 1346 adiurare.
1184 1307 1282 1344 Dicit
1297 1308 1400 1345 enim
1427 1307 1541 1344 ¹ideo
1571 1307 1643 1344 sibi
1671 1307 1741 1356 ipsi
1769 1315 1894 1356 potest
1922 1309 2185 1346 necessitatem
2220 1309 2420 1359 imponere
2452 1324 2521 1360 per

292 1389 300 1397 .
360 1395 368 1405 ,
392 1354 403 1368 “
458 1347 748 1409 &Origenes
767 1373 881 1410 super
897 1362 1036 1399 Mauh.
1051 1360 1089 1398 *z
1117 1361 1284 1398 Aestimo
1310 1373 1400 1410 quo·
1456 1360 1574 1398 divini
1608 1360 1771 1397 nominis
1808 1361 2113 1399 invocationem·
2155 1374 2235 1399 non
2263 1371 2392 1401 autem
2420 1365 2520 1402 hanc

305 1417 312 1429 ¹
399 1382 542 1460 ζ”ξὲκλᾉ
552 1415 655 1452 niam
684 1427 759 1452 non
788 1420 933 1463 oportet
959 1421 1000 1451 ut
1014 1415 1076 1452 vir
1093 1415 1160 1462 qui
1175 1414 1255 1451 vult
1270 1426 1400 1451 secun·
1429 1455 1430 1464 ἵ
1457 1414 1719 1451 necessitatem
1749 1421 1874 1462 potest
1903 1415 1982 1452 aliis
2010 1415 2222 1475 imponere,
2249 1416 2319 1453 nisi
2347 1418 2519 1465 subditis,

339 1467 430 1504 dum
447 1467 702 1518 Evangelium
721 1468 858 1514 vivere,
878 1469 1026 1505 adiuret
1042 1468 1214 1505 alterum.
1245 1468 1287 1504 Si
1303 1469 1402 1504 enim
1456 1479 1553 1515 quos
1581 1475 1707 1527 potest
1726 1479 1771 1503 ex
1794 1467 1922 1504 debito
1945 1468 2112 1516 praestiti
2131 1468 2332 1506 iuramenti
2353 1472 2521 1520 compel-

339 1520 470 1557 iurare
493 1532 569 1558 non
589 1521 681 1567 licet,
701 1527 882 1570 quantum
911 1522 962 1558 ad
983 1521 1243 1570 evangelicum
1267 1517 1431 1557 Christi
1456 1521 1544 1557 lere.
1577 1520 1616 1557 Si
1635 1520 1744 1568 igitur
1764 1520 1896 1569 aliquis
1923 1534 1992 1570 per
2011 1521 2295 1559 invocationem
2317 1523 2434 1560 divini
2454 1537 2522 1561 no-

341 1573 572 1619 mandatum‚
595 1580 723 1611 notum
751 1579 807 1611 est
831 1574 920 1623 quia
947 1586 1015 1611 nec
1037 1574 1219 1611 adiurare
1241 1573 1401 1610 alterum
1430 1575 1431 1598 ³
1457 1573 1582 1620 minis,
1606 1574 1669 1610 vel
1699 1573 1973 1621 cuiuscumque
1993 1574 2046 1611 rei
2066 1587 2206 1622 sacrae,
2228 1575 2337 1612 alicui
2355 1589 2433 1613 non
2454 1577 2523 1614 sibi

341 1626 434 1664 licet.
462 1627 667 1676 Propterea
687 1633 704 1649 ‘²
732 1628 972 1679 manifestum
1009 1633 1064 1664 est
1089 1627 1268 1675 quoniam
1295 1627 1404 1663 Prin·
1430 1621 1432 1639 ¹
1458 1626 1610 1663 subdito
1648 1626 1859 1663 adiurando
1901 1628 2165 1664 necessitatem
2203 1629 2340 1676 agendi
2381 1630 2522 1679 aliquid

341 1691 425 1728 ceps
440 1680 685 1717 Sacerdotum
698 1681 825 1717 Iesum
845 1681 969 1717 illicite
986 1680 1178 1717 adiuravit
1186 1691 1261 1728 per
1273 1681 1400 1716 Deum
1430 1695 1432 1727 ς
1457 1679 1657 1728 imponere
1685 1679 1866 1726 intendat,
1897 1680 1991 1717 sicut
2019 1680 2181 1729 imponit
2209 1682 2278 1718 sibi
2304 1682 2374 1731 ipsi
2399 1683 2523 1720 iuran-

339 1743 483 1770 vivum.

397 1796 432 1823 2.
449 1787 686 1834 PRAETEREA,
703 1786 936 1835 quicumque
955 1785 1103 1824 adiurat
1117 1786 1294 1834 aliquem,
1311 1797 1406 1834 quo-

1431 1731 1432 1746 ³
1459 1732 1523 1776 do,
1552 1732 1633 1769 talis
1662 1732 1845 1769 adiuratio
1866 1733 1991 1770 illicita
2011 1741 2086 1770 est:
2117 1734 2206 1782 quia
2234 1743 2391 1784 usurpat
2417 1744 2524 1784 pote-

1459 1794 1594 1823 statem
1623 1785 1662 1822 in
1695 1786 1811 1822 alium
1850 1798 1966 1834 quam
1994 1799 2072 1824 non
2101 1788 2227 1824 habet.
2257 1789 2409 1825 Tamen
2438 1802 2525 1838 pro-

340 1838 554 1876 dammodo
583 1839 709 1888 ipsum
740 1839 943 1888 compellit.
974 1840 1050 1876 Sed
1071 1851 1149 1876 non
1178 1839 1264 1876 licet
1289 1839 1433 1880 aliurn
1432 1827 1433 1856 ³
1459 1847 1542 1888 pter
1570 1839 1738 1888 aliquam
1767 1840 2031 1876 necessitatem
2068 1840 2282 1890 superiores
2315 1854 2405 1878 suos
2434 1842 2525 1879 infe-

302 1895 306 1898 ’
342 1890 505 1929 invitum
526 1903 674 1940 cogere.
704 1893 807 1941 Ergo
826 1892 977 1930 videtur
996 1893 1100 1941 quod
1120 1905 1191 1929 nec
1214 1892 1323 1929 liceat
1342 1892 1406 1929 ali-

342 1956 458 1995 quem
478 1943 494 1974 β
521 1945 706 1982 adiurare.

398 1999 433 2036 3.
454 1999 688 2046 ΡΜΕΤΕΚΕΑ,
719 1998 894 2036 adiurare
922 2006 978 2035 est
1006 1998 1172 2047 aliquem
1201 1998 1252 2035 ad
1277 1998 1434 2035 iuran-

334 2051 432 2089 ,dum
450 2050 642 2089 inducere.
666 2028 743 2089 Sed
758 2052 938 2089 inducere
953 2051 1120 2100 aliquem
1135 2051 1184 2088 ad
1201 2043 1434 2088 iurandum
1433 2073 1434 2083 ι

343 2111 399 2141 est
417 2105 671 2153 superiorum,
692 2105 758 2153 qui
781 2105 1021 2142 inferioribus
1046 2105 1258 2142 iuramenta
1282 2105 1406 2153 impo-

342 2165 449 2195 nunt.
471 2158 572 2206 Ergo
588 2158 784 2195 inferiores
804 2159 1018 2208 superiores
1038 2168 1134 2195 suos·
1147 2170 1225 2195 non
1245 2166 1406 2207 possunt

343 2210 530 2248 adiurare.

397 2264 473 2300 SED
492 2275 639 2300 coum
662 2275 728 2301 EST
747 2264 852 2312 quod
873 2264 986 2301 etiam
1005 2265 1134 2301 Deum
1159 2264 1407 2301 obsecramus

342 2327 412 2365 per
430 2316 556 2364 aliqua
571 2329 677 2354 sacra
701 2329 791 2354 eum
808 2318 1051 2354 obtestantes,
1071 2318 1278 2365 Apostolus
1293 2317 1407 2354 etiarn
1433 2320 1435 2323 ’

344 2369 476 2406 fideles
504 2371 675 2407 obsecrat
695 2382 769 2419 per
794 2371 1091 2407 misericordiam
1120 2371 1208 2416 Dei,
1233 2377 1278 2407 ut
1307 2370 1435 2426 patet

342 2423 455 2460 Rom.
475 2424 574 2459 Χιῐ*.
603 2424 710 2472 quod
732 2423 884 2461 videtur
911 2423 960 2460 ad
989 2423 1183 2471 quandam
1205 2423 1435 2460 adiuratio-
1434 2444 1435 2449 =

343 2487 433 2512 nem
467 2476 668 2524 pertinere
708 2478 809 2524 Ergo
842 2476 984 2514 licitum
1014 2483 1069 2513 est
1097 2477 1191 2513 alios
1219 2477 1406 2514 adiurare.
1434 2486 1436 2512 ὲ

397 2529 623 2567 ΒΕ5ΡοΝῡεο
651 2541 836 2567 DICENDUM
869 2529 974 2579 quod
1002 2529 1061 2566 ille
1096 2529 1161 2577 qui
1188 2530 1284 2566 iurat
1312 2530 1409 2566 iura·
1434 2531 1436 2561 ἒ

343 2589 475 2618 mento
502 2583 764 2631 promissorio,
788 2595 858 2631 per
877 2582 1129 2619 reverentiam
1149 2582 1266 2620 divini
1287 2583 1409 2619 nomi·
1434 2574 1437 2617 l

1460 1893 1578 1929 riores
1614 1893 1676 1929 tali
1706 1904 1842 1940 genere
1873 1893 2118 1930 adiurationis
2147 1895 2402 1942 constringere
2437 1908 2525 1944 pos-

1432 1973 1434 1990 .
1460 1953 1558 1983 sunt
1590 1946 1630 1982 Si
1657 1958 1751 1982 vero
1781 1946 1951 1983 intendat
1978 1947 2223 1984 solummodo
2250 1959 2320 2007 per
2347 1960 2525 1986 reveren-

1433 1999 1550 2036 tiam
1581 1999 1697 2035 divini
1721 1999 1899 2046 nominis,
1929 2000 1992 2036 vel
2021 2000 2178 2037 alicuius
2207 2001 2260 2038 rei
2279 2013 2430 2061 sacrae,
2461 2002 2525 2038 ali—

1461 2052 1552 2112 quid
1581 2053 1628 2089 ab
1658 2052 1732 2089 alio
1761 2052 1932 2089 obtinere
1968 2053 2113 2102 absque
2144 2054 2375 2091 necessitatis
2402 2054 2526 2104 impo-

1433 2137 1434 2141 ,
1460 2106 1606 2152 sitione,
1636 2105 1717 2142 talis
1737 2105 1922 2143 adiuratio
1951 2106 2050 2143 licita
2071 2114 2126 2143 est
2148 2115 2321 2156 respectu
2342 2120 2524 2156 quorum-

1433 2163 1434 2170 *
1461 2159 1563 2196 libet.

1513 2214 1571 2248 AD
1600 2223 1738 2249 ramum
1766 2220 1864 2249 ERGO
1893 2224 2078 2249 mcENDUM
2115 2213 2221 2261 quod
2254 2213 2440 2262 Origenes
2472 2214 2526 2251 lo-

1461 2265 1588 2314 quitur
1615 2265 1663 2302 de
1692 2265 1927 2302 adiuratione
1960 2278 2036 2314 qua
2065 2265 2197 2314 aliquis
2226 2266 2336 2304 alicui
2364 2267 2526 2304 necessi-

1460 2326 1586 2363 tatem,
1605 2318 1803 2366 imponere
1831 2318 2010 2364 intendit,
2039 2318 2136 2355 sicut
2163 2319 2326 2368 imponit
2357 2320 2428 2357 sibi
2456 2320 2527 2369 ipsi

1461 2371 1639 2408 iurando:
1666 2372 1719 2407 sic
1739 2371 1840 2408 enim
1857 2371 2039 2420 Princeps
2056 2372 2308 2409 Sacerdotum
2328 2384 2526 2422 praesum-

1461 2425 1535 2474 psit
1563 2425 1774 2461 Dominum
1803 2426 1929 2461 Iesum
1959 2425 2151 2462 Christum
2180 2425 2356 2463 adiurare
2374 2426 2406 2463 ²⁸.

1515 2480 1574 2514 AD
1594 2489 1784 2515 SECUNDUM
1803 2489 1989 2515 memnon
2008 2479 2115 2526 quod
2143 2479 2205 2515 illa
2233 2480 2327 2516 ratio
2355 2480 2529 2528 procedit

1462 2532 1510 2568 de
1538 2531 1775 2567 adiuratione
1803 2543 1902 2579 quae
1932 2531 2193 2568 necessitatem
2223 2532 2396 2581 imponit.

1516 2586 1574 2620 AD
1609 2595 1769 2621 TERTIUM
1803 2596 1989 2621 DmENDUM
2024 2585 2129 2632 quod
2163 2585 2338 2622 adiurare
2366 2599 2444 2623 non
2473 2594 2529 2623 est

344 2634 422 2682 nis,
452 2635 559 2683 quod
586 2637 634 2673 ad
664 2636 997 2673 confirmationem
1026 2648 1116 2673 suae
1145 2636 1408 2684 promissionis
1434 2641 1437 2686 ξ
1462 2636 1628 2686 aliquem
1658 2637 1707 2674 ad
1735 2637 1939 2675 iurandum
1966 2637 2174 2685 inducere,
2198 2639 2265 2676 sed
2303 2651 2372 2688 per
2408 2651 2528 2687 quan-

344 2687 499 2734 inducit,
520 2689 687 2737 seipsum
708 2689 849 2737 obligat
870 2689 919 2726 ad
942 2689 1158 2726 faciendum
1188 2690 1292 2738 quod
1321 2702 1436 2738 pro·
1463 2690 1551 2727 dam
1580 2689 1864 2727 similitudinem
1894 2691 2096 2728 iuramenti
2125 2704 2146 2728 a
2167 2704 2207 2728 se
2228 2692 2381 2739 inducti,
2411 2692 2527 2729 alium

346 2740 467 2786 mittit,
493 2742 598 2790 quod
627 2749 683 2779 est
710 2742 878 2790 seipsum
899 2742 1146 2779 immobiliter
1164 2742 1340 2780 ordinare
1360 2743 1409 2779 ad
1435 2721 1437 2779 l
1463 2743 1511 2780 ad
1540 2743 1682 2792 aliquid
1701 2744 1893 2791 agendum
1918 2756 2143 2793 provocare.
2173 2745 2291 2781 Aliter
2313 2752 2442 2782 tamen
2463 2746 2527 2782 ad-

346 2794 490 2842 aliquid
509 2795 715 2843 agendum.
745 2796 851 2832 Sicut
869 2803 997 2832 autem
1021 2796 1141 2832 homo
1153 2795 1330 2855 seipsum
1350 2808 1409 2832 or-

347 2847 476 2884 dinare
509 2855 634 2896 potest
661 2849 709 2884 ad
738 2848 880 2896 aliquid
909 2848 1122 2896 agendum,
1151 2848 1202 2885 ita
1230 2849 1344 2885 etiarn
1374 2855 1437 2885 et
1464 2850 1569 2886 Nam
1599 2849 1810 2886 adiurando
1838 2850 2005 2886 hominis
2024 2848 2038 2872 δ
2065 2851 2304 2887 voluntatem
2331 2864 2402 2899 per
2421 2864 2527 2888 reve-

346 2900 460 2947 alios,
489 2900 705 2950 superiores
733 2901 888 2950 quidem
918 2901 1183 2950 deprecando,
1213 2901 1409 2938 inferiores
1435 2885 1437 2937 l
1463 2902 1623 2939 rentiam
1653 2903 1706 2939 rei
1734 2915 1864 2939 sacrae
1898 2902 2101 2940 immutare
2130 2903 2382 2941 intendimus.
2422 2904 2528 2953 quod

313 2961 476 2991 autem
496 2953 737 3003 imperando,
757 2961 799 2991 ut
818 2967 863 2991 ex
883 2954 1140 3004 supradictis*
1162 2961 1275 3003 patet.
1307 2946 1436 2992 Cum⁴
1434 2955 1618 3004 quidem
1647 2968 1726 2992 non
1754 2955 1985 2993 intendimus
2020 2956 2117 2993 eirca
2145 2957 2293 3003 Deum,
2324 2957 2431 2994 cuius
2458 2970 2527 2994 vo-

346 3006 457 3055 igitur
474 3013 634 3056 utraque
655 3007 841 3045 ordinatio
861 3020 929 3056 per
947 3007 1103 3056 aliquod
1123 3006 1298 3045 divinum
1318 3020 1407 3045 con·
1434 3009 1585 3045 luntas
1606 3017 1662 3045 est
1680 3008 1944 3056 immutabilis;
1974 3009 2041 3046 sed
2071 3011 2175 3059 quod
2190 3015 2203 3031 ⁸
2223 3022 2244 3047 a
2263 3011 2350 3047 Deo
2377 3023 2447 3059 per
2466 3023 2528 3048 ae-

346 3060 532 3107 firmatur,
546 3068 601 3097 est
615 3060 812 3098 adiuratio.
830 3062 872 3098 In
887 3061 962 3098 hoc
977 3067 1107 3097 tamen
1122 3060 1284 3107 disserti,
1301 3051 1435 3109 quod}
1434 3111 1435 3114 Ἴ
1462 3068 1609 3098 ternam
1641 3061 1720 3098 eius
1739 3063 1976 3099 voluntatem
2005 3062 2146 3114 aliquid
2175 3063 2429 3110 obtineamus,
2450 3076 2528 3101 non

347 3114 467 3150 homo
493 3121 549 3150 est
575 3126 735 3151 suorum
764 3121 918 3151 actuum
949 3114 1144 3160 dominus,
1173 3126 1253 3151 non
1278 3121 1407 3151 autem
1433 3115 1435 3153 l
1463 3122 1518 3151 est
1547 3126 1592 3151 ex
1620 3114 1763 3152 meritis
1792 3115 1939 3163 nostris,
1969 3115 2037 3153 sed
2066 3129 2111 3153 ex
2140 3116 2220 3154 eius
2249 3117 2429 3154 bonitate.

401 3228 428 3259 α)
448 3227 629 3259 Propterea.-
648 3227 792 3254 Haeret-ea
809 3227 855 3253 Pa.
866 3242 886 3247 -
903 3228 954 3253 Pro
971 3228 1105 3261 quoniam,
1125 3229 1198 3262 quod
1215 3229 1244 3255 P.
1436 3238 1438 3262 ι

396 3262 429 3296 4β)
448 3263 572 3296 aliquem.
583 3276 602 3282 —·
619 3262 724 3296 aliquid
741 3263 759 3295 1,
778 3263 862 3288 alium
877 3263 925 3289 Pa.
1436 3269 1438 3297 l

402 3299 430 3332 γ)
450 3298 548 3333 dzffert.
561 3312 580 3318 —
598 3298 727 3332 differunt
745 3299 791 3324 Pa.

1517 3227 1542 3261 ὃ)
1562 3229 1685 3254 hominis.
1699 3244 1717 3248 —
1734 3229 1867 3255 hominem
1886 3230 1943 3256 eius
1962 3230 2015 3255 ΡΙ).

1517 3265 1539 3297 ε)
1558 3265 1606 3290 sed
1620 3265 1699 3297 quod.
1711 3279 1730 3284 -
1748 3266 1820 3298 quod
1837 3269 1926 3291 autem
1945 3267 1982 3296 A;
2001 3266 2105 3298 aliquid
2123 3274 2176 3291 om.
2195 3266 2233 3295 H;
2253 3273 2300 3298 pro
2319 3273 2371 3291 non
2391 3270 2437 3296 est,
2457 3267 2529 3299 quod

1437 3303 1439 3329 ¹.
1465 3308 1516 3325 non
1536 3304 1577 3326 est
1595 3301 1638 3332 sC,
1658 3308 1710 3326 non
1730 3304 1770 3326 est
1787 3304 1877 3326 autem
1896 3302 1926 3331 E,
1946 3309 1996 3326 non
2017 3302 2076 3333 DL;
2095 3309 2133 3327 ex
2152 3302 2236 3334 primo
2254 3302 2312 3326 loco
2330 3310 2383 3326 om.
2403 3303 2453 3335 pA.

1435 2797 1437 2845 ζ
1462 2796 1648 2833 iuratione
1671 2796 1814 2833 utimur
1832 2797 1881 2834 ad
1904 2797 2116 2844 hominem,
2138 2805 2175 2833 et
2194 2798 2300 2834 aliter
2317 2799 2366 2835 ad
2386 2799 2542 2835 Deum..

2556 2433 2768 2461 'Mnnh.cap.xxv1‚

2555 2465 2614 2482 vers.
2630 2461 2665 2488 63.
