2860 4238
275 406 290 428 η

279 504 291 530 θ

181 608 248 630 'Loca
259 607 306 634 cit„
317 613 339 628 n.
354 613 388 628 10.

183 1632 191 1640 ⁸
206 1629 242 1651 Cf.
252 1635 312 1656 resp.
329 1628 357 1650 ad
371 1634 391 1656 3.

412 214 490 260 436

467 295 526 330 An
554 304 712 330 TERTIUM
732 302 916 328 Diei-:noum
936 288 1041 337 quod
1061 300 1139 324 non
1159 298 1312 335 semper
1334 286 1474 322 iactan-

415 347 465 383 tia
493 346 671 394 importat
690 343 931 381 mendacium
951 341 1221 390 perniciosum:
1251 339 1319 376 sed
1348 340 1473 375 solum

417 398 570 448 quando
590 403 608 424 η
638 405 692 434 est
721 403 850 433 contra
879 394 1072 431 caritatem
1101 392 1174 429 Dei
1201 400 1266 428 aut
1293 391 1472 440 proximi,

417 459 479 488 aut
507 450 718 487 secundum
739 461 778 485 se
798 455 862 484 aut
890 446 1101 483 secundum
1131 456 1286 481 causam
1310 456 1433 481 suam.
1448 463 1473 472 -
1499 486 1501 498 J

420 504 535 551 Quod
572 510 700 539 autem
734 501 867 548 aliquis
897 512 936 536 se
973 499 1085 536 iactet
1113 498 1220 546 quasi
1240 495 1252 518 Θ
1290 497 1364 533 1100
1392 497 1476 545 ipso

418 557 633 601 delectatus,
665 562 718 590 est
746 553 928 602 quiddam
962 563 1119 597 vanum,
1148 557 1190 586 ut
1218 549 1474 598 Philosophus

418 609 504 646 dicit
522 608 552 644 ²⁸.
582 607 692 644 Unde
723 605 914 642 reducitur
942 605 988 642 ad
1017 602 1261 640 mendacium
1282 602 1472 639 iocosum:

416 661 485 697 nisi
504 660 598 696 forte
618 660 691 696 hoc
712 658 863 695 divinae
885 657 1071 694 dilectioni
1092 655 1307 705 praeferret,
1327 661 1369 691 ut
1387 666 1474 703 pro-

1096 208 1361 255 QUAESTIO
1390 208 1511 254 exn,

468 827 494 858 η)
514 826 628 859 quando.
647 840 665 844 -
684 825 839 858 quandoque
857 824 996 857 BEFLpA.

1541 208 1835 245 ARTICULUS
1865 208 1896 243 11

1526 293 1610 334 pter
1637 287 1711 323 hoc
1738 286 1811 323 Dei
1838 292 2042 335 praecepta
2079 292 2361 331 contemneret;
2398 285 2450 322 sic
2484 285 2595 322 enim

1527 346 1625 375 esset
1652 346 1783 376 contra
1821 338 2012 375 caritatem
2050 337 2141 384 Dei,
2170 337 2213 374 in
2244 349 2322 385 quo
2354 338 2439 375 solo
2476 341 2586 375 mens

1527 399 1656 428 nostra
1693 391 1808 428 debet
1840 391 2036 439 quiescere
2074 390 2170 426 sicut
2195 389 2236 426 in
2269 390 2404 427 ultimo
2439 390 2528 427 fine.
2562 410 2588 420 -

1500 475 1501 480 ,
1527 443 1686 480 Videtur
1713 451 1842 480 autem
1872 444 1918 480 ad
1947 442 2192 479 mendacium
2230 442 2588 491 officiosumrperti·

1528 508 1618 532 nere
1647 508 1735 532 cum
1763 496 1897 545 aliquis
1918 496 1964 533 ad
1985 496 2060 532 hoc
2079 508 2119 532 se
2138 495 2249 532 iactat
2277 502 2318 532 ut
2344 495 2502 543 gloriam
2525 496 2587 533 vel

1527 550 1675 585 lucrum
1704 548 1891 596 acquirat:
1922 548 2134 586 dummodo
2157 549 2233 585 hoc
2260 548 2307 584 sit
2334 548 2414 585 sine
2442 548 2586 585 damno

1529 601 1707 660 aliorum;
1738 601 1826 648 quia
1854 602 1928 638 hoc
1948 601 2023 638 iam
2050 601 2254 650 pertineret
2273 600 2321 638 ad
2341 601 2585 638 mendacium

1526 660 1793 703 permciosum.
2152 665 2154 667 >

1582 819 1607 853 θ)
1627 821 1711 853 quasi.
1729 833 1748 839 —
1765 823 1863 845 contra
1883 819 1918 848 B,
1937 819 2006 844 enim
2026 818 2060 850 F,
2078 826 2138 844 cum
2155 817 2188 850 K,
2201 826 2238 844 ex
2254 819 2288 851 G,
2307 819 2384 852 quasi
2400 826 2438 844 ex
2455 819 2533 847 Pfla,·
2551 824 2589 843 ex

1530 857 1578 881 hoc
1597 856 1653 888 ipso
1672 855 1749 888 quasi
1766 855 1813 880 sG.

1090 955 1422 988 Commentarius
1442 953 1692 989 cardinalis
1713 953 1913 986 Caietam

447 1069 467 1088 N
491 1056 622 1087 articulo
647 1055 786 1086 secundo
811 1053 951 1084 eiusdem
981 1052 1178 1093 quaestionis
1209 1051 1477 1083 centesimaeduo-

421 1068 598 1137 Ideeimae,
616 1098 738 1139 collige,
756 1098 870 1138 primo,
888 1097 1031 1138 quinque
1046 1107 1136 1127 casus
1152 1096 1185 1126 in
1202 1095 1317 1136 quibus
1333 1095 1478 1126 iactantia

418 1153 463 1176 est
486 1144 618 1175 mortale
639 1149 812 1183 peccatum.
837 1142 975 1178 Himus,
1001 1141 1130 1180 quando
1146 1140 1277 1170 iactator
1293 1140 1330 1169 de
1347 1149 1379 1169 se
1402 1148 1475 1180 pro-

417 1190 476 1221 fert
498 1189 529 1219 id
553 1188 640 1229 quod
664 1193 709 1217 est
726 1193 833 1217 contra
857 1185 1015 1215 caritatem
1033 1184 1107 1214 Dei:
1133 1190 1168 1214 ut
1191 1184 1229 1213 de
1245 1193 1315 1222 rege
1332 1182 1410 1223 Tyri
1430 1182 1474 1212 di-

418 1234 505 1265 citur.
530 1250 551 1255 -
574 1231 750 1268 Secundus,
775 1229 904 1270 quando
924 1228 1043 1268 profert
1065 1227 1096 1257 id
1117 1228 1205 1267 quod
1229 1234 1275 1258 est
1299 1234 1407 1257 contra
1430 1236 1477 1256 ca·

418 1278 540 1308 ritatem
570 1275 720 1316 proximi:
753 1280 789 1303 ut
810 1273 994 1303 Pharisaeus
1026 1271 1107 1302 fecit.
1132 1289 1153 1294 —
1181 1271 1321 1308 Tertius,
1346 1270 1476 1311 quando

419 1332 455 1352 ex
478 1319 623 1360 superbia
645 1319 695 1348 vel
721 1317 806 1347 inani
829 1317 930 1356 gloria
960 1315 1102 1346 mortali:
1127 1322 1163 1346 ut
1187 1325 1261 1345 cum
1284 1314 1356 1356 quis
1387 1314 1477 1355 quasi

418 1375 484 1396 non
508 1362 660 1403 acceperit
684 1373 701 1392 a
724 1362 804 1396 Deo,
823 1370 855 1390 se
878 1360 979 1390 iactat.
1003 1377 1025 1383 -
1052 1359 1208 1396 Quartus,
1224 1359 1354 1399 quando
1371 1368 1407 1389 ex
1424 1369 1476 1389 cu-
1503 1389 1505 1397 J

418 1409 546 1450 piditate
561 1406 640 1438 lucri
663 1416 737 1436 cum
753 1405 870 1435 damno
895 1403 1030 1444 proximi
1053 1403 1137 1434 intus
1157 1403 1207 1434 vel
1226 1410 1327 1434 extra:
1352 1411 1387 1433 ut
1404 1413 1477 1433 curn
1503 1398 1505 1402 ’

418 1453 488 1494 quis
512 1452 604 1482 iactat
627 1460 659 1480 se
683 1451 847 1480 doctorem
871 1454 925 1479 aut
948 1447 1109 1484 medicum
1133 1454 1162 1478 et
1190 1447 1263 1477 inde
1283 1446 1394 1477 falsam
1418 1447 1476 1477 do—

419 1497 550 1528 ctrinam
566 1495 708 1531 seminat,
722 1493 772 1523 vel
784 1493 952 1533 pecuniam
964 1491 1115 1527 exhaurit,
1130 1498 1184 1522 aut
1200 1501 1333 1531 corpora
1343 1491 1478 1522 laedit.—

423 1542 571 1579 Quintus‚
589 1548 664 1570 cum
678 1538 749 1579 quis
772 1546 873 1578 usque
889 1536 969 1566 adeo
986 1536 1156 1566 delectatur
1182 1535 1328 1568 iactantia
1344 1542 1379 1565 ut
1392 1535 1426 1565 in
1442 1545 1478 1565 ea

418 1585 514 1624 finem
539 1589 685 1624 poneret:
710 1588 787 1621 puta
802 1580 884 1622 ¹quia
905 1590 972 1611 non
998 1586 1086 1611 curat
1105 1579 1143 1610 de
1162 1579 1333 1620 praeceptis
1357 1579 1426 1615 Dei,
1443 1586 1479 1610 ut

418 1628 549 1669 impleat
564 1622 741 1668 appetitum
755 1635 851 1656 suum
865 1624 897 1654 in
914 1634 946 1655 se
961 1623 1107 1654 iactando
1117 1623 1144 1654 *.
1164 1623 1205 1654 Et
1220 1623 1270 1654 hic
1286 1633 1374 1654 casus
1392 1633 1478 1653 com-

419 1672 525 1703 munis
542 1677 587 1702 est
603 1670 752 1702 omnibus
767 1669 865 1705 vanis,
882 1678 963 1709 quae
981 1670 1019 1698 de
1035 1677 1147 1708 genere
1164 1677 1223 1698 suo
1246 1674 1320 1698 sunt
1334 1667 1477 1698 venialia.

473 1716 608 1747 Adverte
624 1714 774 1750 secundo,
799 1713 887 1753 quod
911 1712 986 1753 quia
1008 1711 1154 1742 iactantia
1178 1711 1305 1751 proprie
1324 1711 1416 1747 dicta,
1441 1712 1479 1741 de

420 1771 484 1801 qua
508 1766 554 1790 est
569 1768 682 1794 sermo,
704 1764 749 1788 est
773 1756 890 1797 species
906 1755 1072 1792 mendacii,
1088 1755 1161 1787 ideo
1175 1756 1207 1786 in
1224 1755 1333 1796 primis
1351 1755 1478 1786 duobus
1505 1752 1506 1797 J

421 1804 560 1839 casibus,
585 1803 618 1833 in
650 1802 766 1843 quibus
795 1800 940 1831 iactantia
973 1799 1147 1830 secundum
1176 1809 1208 1829 se
1238 1806 1284 1830 est
1314 1806 1479 1839 peccatum

421 1848 567 1883 mortale,
600 1846 765 1876 intervenit
797 1844 998 1875 mendacium
1029 1843 1256 1884 perniciosum:
1282 1843 1333 1874 vel
1366 1843 1479 1874 directe
1505 1865 1506 1871 1

421 1891 672 1926 contra'Deum,
696 1897 732 1920 ut
755 1890 787 1919 in
811 1889 932 1928 primo,
958 1888 1036 1918 dum
1060 1887 1136 1917 dixit
1162 1887 1278 1924 homo,
1302 1887 1392 1918 Deus
1419 1897 1479 1929 ego

420 1946 490 1967 sum
503 1943 516 1973 ;
544 1935 595 1965 vel
625 1940 734 1964 contra
767 1933 948 1973 proximum
963 1955 970 1968 ,
1000 1932 1077 1962 dum
1106 1932 1260 1972 superbus
1284 1931 1375 1967 dixit,
1404 1931 1478 1962 Non

420 1990 490 2011 sum
513 1980 596 2009 sicut
617 1979 714 2009 ceteri
735 1978 915 2007 hominum:
938 1976 1023 2007 velut
1047 1976 1141 2006 etiam
1165 1976 1216 2006 hic
1231 1975 1435 2016 publicanus.
1457 1993 1479 1999 -

421 2024 456 2054 ln
479 2023 606 2063 reliquis
629 2028 735 2052 autern
759 2021 881 2052 casibus
903 2020 1106 2051 mendacium
1130 2019 1294 2051 iactantiae
1317 2018 1352 2050 fit
1378 2019 1479 2060 perni-

421 2068 544 2098 ciosum
568 2076 605 2097 ex
628 2075 731 2096 causa.
762 2065 836 2095 ldeo
860 2064 946 2095 enim
969 2063 1144 2104 perniciose
1174 2063 1324 2094 mentitur
1352 2063 1424 2104 quis
1445 2071 1480 2094 se

421 2112 590 2147 medicum,
615 2110 689 2151 quia
712 2115 840 2150 propter
863 2109 1017 2139 damnum
1041 2107 1186 2149 proximi,
1210 2107 1260 2138 vel
1283 2114 1414 2149 propter
1435 2114 1480 2138 ta·
1505 2108 1507 2117 ’

420 2155 484 2186 10111
507 2154 695 2195 superbiam,
721 2161 751 2184 et
773 2152 968 2189 huiusmodi,
993 2159 1028 2183 ut
1051 2158 1146 2192 patet.

476 2199 513 2229 11.
538 2198 629 2230 Circa
651 2204 848 2238 praesentem
875 2196 1043 2227 articulum
1071 2196 1206 2226 dubium
1229 2195 1382 2232 occurrit,
1406 2194 1479 2236 quia

421 2243 575 2273 diminuta
591 2243 714 2273 videtur
729 2241 871 2272 doctrina
894 2241 970 2271 haec
991 2241 1030 2271 de
1046 2240 1201 2271 iactantia.
1223 2240 1308 2271 Nam
1329 2239 1482 2279 contingit

421 2287 510 2327 quod
533 2287 603 2328 quis
625 2287 717 2317 iactet
740 2296 773 2316 se
796 2286 834 2316 de
858 2285 944 2316 malo
975 2292 1165 2326 perpetrate.
1195 2284 1235 2314 Et
1260 2291 1337 2315 tunc
1359 2290 1482 2315 constat
1507 2284 1508 2304 ἱ

421 2331 509 2372 quod
537 2341 602 2362 non
625 2330 785 2361 mentitur.
813 2330 853 2360 Et
875 2336 981 2360 tamen
1005 2336 1113 2370 peccat
1137 2328 1310 2359 mortaliter
1335 2328 1480 2359 iactando
1507 2328 1509 2353 ἱ

421 2385 463 2405 50.
483 2393 503 2398 -
522 2375 563 2406 Et
585 2374 726 2405 similiter
749 2373 901 2414 contingit
925 2374 1013 2414 quod
1037 2373 1149 2414 aliquis
1174 2373 1292 2413 absque
1315 2371 1481 2403 mendacio

1535 2372 1662 2412 Diliges
1678 2372 1866 2412 proximum
1890 2376 1980 2402 tuum
2003 2372 2086 2402 sicut
2108 2371 2260 2412 teipsum,
2284 2368 2343 2401 sub
2367 2368 2492 2401 caritate
2518 2378 2594 2413 pro-

421 2419 511 2450 iactet
534 2429 566 2449 se
590 2419 748 2449 medicum
773 2428 808 2448 ex
834 2418 980 2458 superbia
1003 2417 1147 2453 mortali,
1173 2423 1203 2447 et
1227 2416 1396 2457 cupiditate
1423 2426 1481 2446 no·
1507 2422 1510 2446 2
2531 2415 2533 2417 ’
2584 2415 2587 2419 ”

1530 1050 1630 1081 cendi.
1663 1050 1704 1080 Et
1733 1056 1808 1080 tunc
1837 1049 1980 1080 similiter
2002 1048 2147 1079 iactantia
2166 1054 2213 1079 est
2227 1043 2395 1088 peccatum
2408 1044 2552 1082 mortale.
2567 1063 2589 1070 -

1529 1095 1570 1125 Et
1593 1094 1669 1124 haec
1693 1094 1725 1124 in
1748 1093 1849 1125 littera
1872 1092 2174 1133 praetermittuntur.
2494 1088 2497 1090 ’
2539 1091 2561 1123 ,⁴

1586 1138 1620 1168 ln
1637 1148 1700 1178 qua
1716 1137 1810 1168 etiam
1829 1136 2085 1179 praetermittitur
2101 1146 2175 1167 cum
2191 1135 2261 1177 quis
2284 1134 2377 1165 iactat
2392 1145 2424 1165 se
2448 1134 2486 1165 de
2501 1133 2588 1164 malo

1529 1182 1617 1222 quod
1641 1191 1706 1211 non
1736 1181 1818 1212 fecit.
1851 1180 2015 1218 Quoniam
2042 1180 2196 1216 iactantia,
2221 1179 2369 1219 opposita
2386 1178 2511 1209 veritati
2533 1187 2589 1220 per

1530 1235 1701 1261 excessum,
1726 1225 1798 1266 plus
1822 1224 1896 1255 dicit
1919 1222 2078 1261 debono,
2102 1234 2168 1254 non
2192 1224 2230 1254 de
2253 1223 2349 1254 malo.
2381 1223 2464 1253 Nam
2487 1222 2588 1253 dicere

1530 1270 1602 1310 plus
1619 1269 1658 1299 de
1672 1268 1759 1299 malo
1774 1275 1894 1308 spectat
1909 1268 1948 1298 ad
1962 1267 2108 1304 ironiam,
2123 1277 2204 1308 quae
2221 1267 2295 1298 dicit
2309 1267 2415 1297 minus
2432 1267 2470 1297 de
2485 1267 2587 1297 bono:

1531 1314 1672 1344 eiusdem
1695 1322 1835 1353 namque
1861 1312 1990 1343 rationis
2019 1319 2065 1343 est
2089 1311 2190 1342 dicere
2212 1311 2319 1342 minus
2345 1311 2439 1347 boni,
2463 1317 2494 1342 et
2516 1311 2588 1351 plus

1530 1358 1624 1394 mali3
1648 1357 1803 1398 quoniam
1825 1356 1932 1387 minus
1952 1356 2074 1387 bonum
2097 1355 2173 1386 mali
2195 1354 2351 1386 rationem
2373 1354 2477 1387 habet.

1585 1402 1637 1432 Ill.
1662 1402 1712 1432 Ad
1735 1399 1797 1431 hoc
1821 1400 1934 1431 dicitur
1956 1400 2045 1441 quod
2061 1399 2203 1431 doctrina
2217 1398 2388 1440 praesentis
2403 1398 2524 1429 articuli
2543 1405 2589 1429 est

1530 1446 1698 1482 sufficiens,
1715 1454 1772 1476 nec
1788 1444 1908 1486 aliquid
1923 1444 2132 1485 praetermisit
2146 1440 2503 1484 opportununv'Na‘n'nq'
2533 1479 2536 1482 ‚
2568 1442 2590 1472 d

1531 1490 1644 1531 aliquis
1674 1490 1768 1520 iactet
1795 1498 1828 1519 se
1851 1489 1890 1519 de
1917 1495 2096 1530 perpetrato
2125 1487 2226 1524 malo,
2251 1497 2318 1519 non
2347 1485 2526 1526 08110(ὶὸ

1530 1533 1695 1566 iactantiae
1706 1533 1787 1564 vitii:
1803 1533 1860 1564 sed
1875 1533 1977 1564 inanis
1989 1532 2116 1572 gloriae.
2129 1531 2216 1563 iuxta
2229 1531 2310 1563 illud
2320 1527 2486 1571 Psalfifi'i
2616 1527 2727 1582 fvss'‡¹¹
2741 1534 2800 1569 ygu-
2812 1536 2826 1559 ³

1531 1579 1688 1620 gloriaris
1717 1578 1749 1608 in
1784 1577 1935 1608 malitia?
1958 1576 2104 1608 Iactantia
2134 1575 2218 1607 enim
2249 1571 2452 1610 mendaciiam
2495 1579 2497 1582 ⁴
2580 1582 2588 1589 ·

1533 1622 1686 1664 quoniam
1710 1621 1828 1662 species
1852 1631 1917 1651 non
1941 1626 1988 1652 est
2011 1619 2190 1661 separabilis
2214 1630 2232 1650 a
2254 1629 2314 1650 suo
2339 1612 2590 1660 3015010.”Γ11111ὺ

1531 1673 1637 1697 autem
1661 1665 1760 1705 gloria
1784 1674 1849 1695 non
1872 1664 2002 1706 requirit
2024 1663 2236 1695 mendacium.
2535 1658 2587 1687 '³¹²2

1581 1709 1736 1741 Similiter
1765 1709 1853 1750 quod
1881 1709 1974 1740 iactet
2004 1718 2036 1740 se
2065 1707 2138 1750 quis
2167 1717 2241 1739 cum
2271 1707 2404 1738 veritate,
2429 1706 2591 1745 affiatu
2644 1710 2693 1726 ·''
2715 1709 2718 1722 ‘
2746 1711 2753 1718 ’·

1532 1762 1587 1785 aut
1609 1753 1833 1789 confessorem,
1857 1759 1925 1790 etc„
1950 1754 2058 1784 animo
2080 1751 2217 1784 nocendi
2243 1758 2300 1783 aut
2321 1750 2592 1791 ussuperbiwset

1505 1803 1506 1820 ἰ
1527 1797 1729 1834 huiusmodi,
1747 1807 1814 1828 non
1829 1803 1876 1828 est
1890 1804 1978 1828 actus
2003 1797 2060 1828 iste
2075 1795 2239 1827 iactantiae
2254 1794 2332 1832 vitii,
2345 1795 2404 1833 sed
2419 1791 2598 1841 ,sqper'biae

1533 1850 1588 1873 aut
1615 1842 1785 1872 iniustitiae
1813 1848 1868 1872 aut
1895 1840 2046 1880 sacrilegii
2075 1847 2130 1871 aut
2151 1839 2308 1876 luxuriae,
2336 1846 2367 1870 et
2393 1833 2590 1916 huiusmffi

1505 1895 1507 1912 ι
1531 1887 1615 1917 iuxta
1640 1893 1784 1916 naturam
1807 1885 1874 1916 vitii
1901 1885 2084 1925 imperantis
2107 1884 2188 1915 hanc
2210 1879 2498 1918 manifestationem

1588 1930 1727 1968 Quando
1747 1936 1853 1960 autem
1869 1929 1986 1970 aliquis*
1996 1929 2090 1960 iactat
2105 1938 2138 1959 se
2154 1929 2193 1959 de
2209 1927 2294 1959 malo
2340 1927 2407 1958 uo'd
2416 1920 2485 1958 11011
2508 1924 2591 1964 fedi,

1532 1975 1583 2005 hic
1605 1983 1698 2004 verae
1719 1973 1882 2005 iactantiae
1912 1980 2001 2004 actus
2024 1979 2084 2010 eet,
2109 1972 2229 2003 habens*
2257 1932 2460 2002 meriffldum
2491 1964 2594 2011 puffl

1533 2019 1673 2055 ciosum,
1698 2028 1756 2058 pro
1781 2025 1901 2058 quanto
1927 2017 2068 2058 seipsum
2090 2017 2232 2049 infamat.
2264 2016 2306 2047 Et
2333 2014 2592 2057 quonium«,thss

1531 2063 1663 2094 iactator
1685 2062 1798 2102 accipit
1824 2062 1946 2092 malum
1973 2062 2032 2092 sub
2061 2061 2183 2093 ratione
2205 2059 2298 2097 boni;
2322 2066 2353 2093 et
2381 2059 2491 2101 differt
2513 2059 2593 2091 nihil

1533 2107 1667 2144 bonum,
1693 2107 1743 2138 vel
1765 2115 1926 2147 apparens
1948 2105 2084 2144 bonum,
2108 2103 2144 2136 ut
2167 2104 2281 2136 dicitur
2309 2103 2341 2135 in
2365 2102 2392 2142 II
2414 2100 2591 2146 Hysia&

2474 2138 2594 2189 seffffld

2618 2101 2630 2112 ⁸
2695 2115 2702 2122 .
2715 2105 2746 2128 111,
2756 2106 2780 2122 11.
2789 2106 2810 2128 5.
2818 2110 2830 2116 -

1532 2151 1604 2182 ideo
1628 2160 1693 2181 non
1718 2150 1757 2181 ad
1779 2149 1924 2186 ironiam,
1948 2159 2031 2190 quae
2054 2149 2298 2180 declinationem
2319 2155 2339 2180 a
2360 2148 2458 2186 bono,
2488 2154 2490 2156 '
2619 2099 2809 2150 s‘qffi'm’v'

1506 2208 1508 2234 ς
1532 2194 1723 2231 iactantiam,
1740 2204 1822 2235 quae
1838 2203 1999 2225 excessum
2014 2194 2048 2224 in
2064 2194 2151 2224 bono
2167 2203 2243 2225 vero
2257 2192 2308 2224 vel
2323 2191 2488 2233 apparenti
2507 2189 2592 2229 ffl,

1534 2239 1603 2270 talis
1625 2238 1745 2270 locutio
1763 2245 1891 2279 spectat.
1914 2239 1980 2269 Nec
2002 2238 2220 2279 praetermissa
2238 2243 2286 2268 est
2298 2237 2339 2268 ab
2357 2231 2594 2274 Auctore,'1i⁶ll
2620 2247 2637 2272 Τ
2650 2225 2713 2278 ff'fss'
2724 2269 2729 2271 ,
2740 2238 2760 2252 ·“’

1535 2283 1763 2324 comprehensa
1787 2289 1834 2314 est
1855 2283 1889 2313 in
1912 2283 2051 2314 secundo
2075 2292 2160 2319 casu,
2178 2282 2302 2323 inquo
2321 2281 2453 2312 iactator
2474 2279 2595 2321 proten

1535 2327 1656 2368 aliquid
1672 2335 1781 2358 contra
1800 2327 1959 2358 caritatem
1975 2326 2127 2367 proximi:
2151 2326 2304 2367 scriptum
2319 2325 2406 2357 enim
2423 2334 2500 2357 cum
2513 2323 2594 2364 suff,
2620 2321 2832 2350 ·mtu=.oep.xm‚

2621 2354 2681 2370 ven.
2694 2353 2732 2378 39.

1536 2416 1612 2446 ximi
1637 2415 1895 2456 praeintelligitur
1918 2415 2027 2446 caritas
2050 2414 2099 2445 sui
2122 2415 2231 2456 ipsius.
