2860 4244
155 437 165 445 ⁸
184 435 231 462 Qu.
251 439 364 460 Lxxxvni,

155 465 196 482 art.
212 467 243 487 ιο,
258 460 286 482 ad
300 466 320 482 2.

165 3175 174 3184 ⁸
194 3174 241 3201 Qu.
259 3178 371 3199 uxxvxn,

163 3204 204 3222 art.
221 3206 249 3222 12.

394 301 468 337 288

393 379 522 426 cadat,
552 378 658 427 quasi
695 390 772 414 non
806 377 966 413 existens
996 374 1120 412 debita
1157 372 1314 410 materia
1351 372 1449 408 iura-

393 431 528 469 menti:
559 431 654 468 sicut
673 438 708 466 et
728 430 774 467 de
794 437 885 466 voto
911 440 1025 476 supra
1043 427 1063 448 ²³⁶
1088 426 1260 463 diximus.
1291 424 1450 461 Materia

393 492 521 522 autem
541 483 740 520 iuramenti
760 481 960 528 assertorii,
981 479 1086 528 quod
1107 486 1161 515 est
1181 478 1227 515 de
1247 477 1449 526 praeterito

392 539 453 574 vel
474 535 672 586 praesenti,
689 535 727 572 in
746 535 939 582 quandam
959 531 1221 569 necessitatem
1237 531 1313 567 iam
1333 538 1451 567 trans-

393 590 432 626 iit
447 595 476 637 η,
498 597 534 626 et
556 587 800 626 immutabilis
823 587 920 624 facta
947 594 1020 622 est:
1046 592 1081 621 et
1104 584 1191 621 ideo
1220 583 1449 632 dispensatio

393 655 471 679 non
505 642 703 678 referretur
739 640 786 676 ad
820 639 1036 684 materiam,
1070 637 1136 674 sed
1170 637 1369 674 referretur
1403 636 1450 673 ad

392 696 517 743 ipsum
551 701 677 730 actum
711 692 929 738 iuramenti3
967 691 1070 728 unde
1105 690 1187 727 talis
1220 690 1450 739 dispensatio

394 748 531 784 directe
569 753 666 782 esset
699 753 829 782 contra
861 751 1109 793 praeceptum
1147 743 1330 781 divinum.
1375 743 1450 780 Sed

393 799 549 836 materia
564 798 765 835 iuramenti
785 797 1023 846 promissorii
1040 804 1095 833 est
1113 796 1254 845 aliquid
1269 797 1450 843 futurum,

393 852 496 901 quod
524 851 657 888 variari
690 859 835 899 potest,
865 851 915 888 ita
943 850 1083 887 scilicet
1110 850 1215 898 quod
1252 850 1291 887 in
1323 849 1451 898 aliquo

392 912 530 942 eventu
559 912 683 953 potest
711 916 792 940 esse
821 904 989 940 illicitum
1018 903 1080 940 vel
1108 902 1303 949 nocivum,
1325 910 1361 939 et
1383 914 1452 951 per

392 970 630 1007 consequens
659 970 737 994 non
767 969 848 994 esse
879 957 1005 994 debita
1041 956 1200 993 materia
1237 955 1450 992 iuramenti.

392 1012 440 1047 Et
469 1011 553 1048 ideo
584 1010 792 1059 dispensari
820 1017 945 1059 potest
981 1010 1019 1047 in
1047 1009 1262 1046 iuramento
1290 1008 1452 1057 promis-

392 1064 508 1100 sorio:
539 1064 628 1113 quia
647 1064 730 1101 talis
751 1063 981 1112 dispensatio
1007 1063 1157 1111 respicit
1179 1062 1377 1099 materiam
1398 1062 1452 1098 iu—

392 1117 563 1164 ramenti,
595 1125 630 1154 et
653 1130 732 1154 non
752 1116 998 1153 contrariatur
1025 1123 1229 1165 praecepto
1256 1115 1384 1152 divino
1407 1115 1453 1152 de

391 1170 593 1207 iuramenti
622 1170 903 1207 observatione.

445 1226 503 1260 An
523 1235 713 1261 SECUNDUM
733 1234 917 1260 mCENDuM
938 1221 1042 1270 quod
1064 1221 1182 1258 homo
1202 1227 1328 1269 potest
1349 1220 1453 1257 alteri

392 1277 611 1325 promittere
636 1277 777 1325 aliquid
804 1276 874 1313 sub
894 1275 1107 1311 iuramento
1129 1273 1336 1322 dupliciter.
1366 1273 1453 1310 Uno

393 1330 523 1377 modo,
545 1330 652 1378 quasi
671 1328 684 1351 ⁰
703 1329 893 1378 pertinens
913 1327 960 1364 ad
981 1327 1178 1364 utilitatem
1198 1325 1332 1374 ipsius:
1362 1333 1453 1374 puta

393 1383 422 1420 si
451 1384 521 1419 sub
551 1383 764 1419 iuramento
785 1381 980 1430 promittat
1007 1392 1047 1416 se
1074 1379 1302 1417 serviturum
1324 1378 1369 1424 ei,
1390 1379 1453 1415 vel

392 1435 595 1485 pecuniam
625 1436 814 1472 daturum.
845 1435 894 1471 Et
917 1445 938 1470 a
958 1432 1021 1469 tali
1049 1432 1302 1481 promissione
1330 1439 1455 1480 potest

393 1489 592 1525 absolvere
621 1488 681 1525 ille
702 1488 762 1524 cui
781 1486 985 1536 promissio
1010 1486 1107 1523 facta
1137 1494 1211 1522 est:
1242 1484 1455 1532 intelligitur

394 1542 493 1579 enim
523 1541 598 1578 iam
630 1541 662 1578 ei
681 1541 838 1578 solvisse
867 1539 1100 1589 promissum
1120 1539 1275 1589 quando
1300 1538 1387 1575 facit
1407 1538 1466 1576 de.

394 1608 439 1632 eo
470 1594 682 1632 secundum
712 1594 791 1631 eius
818 1594 1056 1631 voluntatem
1076 1599 1096 1631 ⁸.

445 1648 530 1685 Alio
551 1650 669 1686 modo
689 1647 873 1696 promittit
892 1646 1024 1695 aliquis
1044 1645 1148 1683 alteri
1169 1645 1275 1692 quod
1294 1644 1456 1693 pertinet

394 1702 442 1738 ad
470 1702 659 1738 honorem
688 1701 760 1738 Dei
780 1701 841 1737 vel
868 1700 1065 1737 utilitatem
1095 1699 1277 1735 aliorum:
1307 1705 1399 1747 puta
1425 1698 1455 1735 si

393 1755 527 1803 aliquis
546 1754 759 1792 iuramento
779 1760 796 1775 χ
823 1754 1017 1802 promittat
1040 1751 1150 1789 alicui
1170 1764 1209 1788 se
1230 1751 1454 1788 intraturum

394 1808 635 1856 religionem,
664 1809 726 1844 vel
755 1807 910 1855 aliquod
948 1818 1045 1856 opus
1073 1805 1220 1854 pietatis
1254 1805 1453 1841 facturum.

393 1862 442 1898 Et
469 1869 558 1899 tunc
578 1862 637 1898 ille
658 1862 719 1898 cui
749 1860 979 1910 promittitur
997 1871 1075 1896 non
1103 1866 1229 1908 potest
1255 1859 1455 1895 absolvere

393 1915 699 1963 promittentem,
730 1914 820 1962 quia
848 1913 1051 1962 promissio
1088 1924 1167 1948 non
1196 1919 1251 1948 est
1288 1911 1385 1948 facta
1422 1911 1455 1948 ei

392 1968 666 2016 principaliter,
696 1967 763 2004 sed
792 1968 898 2004 Deo:
939 1966 1008 2003 nisi
1039 1966 1135 2001 forte
1164 1964 1210 2001 sit
1237 1964 1455 2013 interposita

393 2021 559 2058 conditio
579 2019 605 2066 λ,
635 2020 791 2066 scilicet,
821 2020 854 2056 si
880 2019 936 2056 illi
959 2018 1145 2056 videbitur
1172 2018 1235 2054 cui
1258 2018 1453 2065 promittit,

391 2076 452 2111 vel
482 2074 624 2123 aliquid
653 2073 755 2110 aliud
783 2073 868 2110 tale.

444 2187 471 2219 η)
492 2186 610 2212 transiit.
622 2199 640 2206 -
659 2186 758 2211 transit
777 2185 927 2210 PAGHKL.

445 2221 469 2254 Θ)
489 2222 575 2255 quasi.
587 2235 606 2240 -
624 2229 703 2254 quam
722 2222 751 2252 B,
770 2221 841 2253 quod
860 2228 885 2250 K,
901 2221 1009 2253 quando
1025 2221 1161 2252 promittit
1179 2220 1282 2252 aliquid
1301 2220 1346 2248 Pa,
1363 2227 1417 2246 om.
1431 2219 1454 2249 1;

393 2257 656 2325 abrssagoiigtffatem.
668 2306 687 2311 —
705 2292 848 2317 utilitatem
869 2291 1070 2321 PAEFGHIxa5
1090 2291 1196 2316 abrasae
1215 2289 1290 2324 pCK.

446 2329 471 2361 κ)
491 2329 650 2353 iuramento.
663 2341 682 2347 -
699 2327 746 2352 sub
767 2327 916 2352 iuramento
935 2327 963 2351 P.

1018 295 1282 343 QUAEsTlo
1313 295 1526 341 Lxxx1X,
1556 294 1851 331 ARTICULUS
1882 294 1933 330 1x

1559 373 1615 408 AD
1643 383 1803 409 TER-num
1840 383 2024 409 nicENDuM
2062 370 2168 419 quod
2205 371 2437 419 quandoque
2474 371 2566 408 illud

1505 425 1611 472 quod
1641 425 1740 462 cadit
1772 425 1843 461 sub
1873 426 2086 461 iuramento
2123 423 2372 472 promissorio
2402 431 2458 460 est
2486 435 2567 460 ma-

1505 476 1636 513 nifeste
1675 489 1890 526 repugnans
1924 476 2101 514 iustitiae:
2131 476 2192 513 vel
2227 475 2317 525 quia
2346 482 2401 512 est
2434 487 2568 525 pecca-

1505 537 1599 576 tum,
1629 530 1724 567 sicut
1752 543 1839 567 cum
1869 530 2002 578 aliquis
2030 529 2126 566 iurat
2154 541 2194 565 se
2222 529 2409 565 facturum
2444 528 2568 566 homi—

1507 581 1666 629 cidium3
1697 584 1758 620 vel
1782 583 1871 631 quia
1900 590 1956 620 est
1984 582 2139 619 maioris
2168 581 2259 618 boni
2286 581 2567 630 impeditivum,

1506 636 1602 672 sicut
1630 648 1718 672 cum
1747 636 1880 685 aliquis
1911 635 2008 673 iurat
2045 648 2085 672 se
2119 647 2197 672 non
2234 634 2460 671 intraturum
2489 633 2570 671 reli-

1505 689 1672 737 gionem.
1715 689 1764 725 Et
1792 690 1864 726 tale
1893 688 2150 725 iuramentum
2179 687 2462 736 dispensatione
2490 698 2569 724 non

1505 742 1662 789 indiget:
1696 741 1764 778 sed
1798 741 1836 778 in
1863 742 1990 790 primo
2029 753 2120 778 casu
2147 748 2297 778 tenetur
2325 739 2458 789 aliquis
2495 740 2569 776 tale

1505 795 1764 832 iuramentum
1784 807 1863 831 non
1883 806 2052 840 servare;
2081 794 2120 831 in
2140 794 2309 831 secundo
2330 801 2459 831 autem
2480 805 2570 830 casu

1506 848 1646 885 licitum
1672 855 1727 883 est
1756 855 1793 883 et
1815 859 1967 884 servare
1991 854 2028 883 et
2054 859 2132 884 non
2159 859 2325 894 servare,
2344 854 2387 884 ut
2414 858 2530 895 supra
2549 847 2570 867 *

1508 902 1649 939 dictum
1680 907 1743 936 est.

1560 953 1807 1001 Quandoque
1833 964 1929 989 vero
1958 951 2101 1000 aliquid
2134 952 2204 988 sub
2232 952 2447 989 iuramento
2481 964 2570 1001 pro-

1506 1007 1662 1045 mittitur
1682 1006 1729 1044 de
1749 1018 1827 1054 quo
1848 1005 2006 1043 dubium
2037 1013 2092 1042 est
2110 1012 2239 1041 utrum
2268 1004 2313 1042 sit
2340 1004 2482 1042 licitum
2506 1006 2570 1042 vel

1506 1061 1689 1106 illicitum,
1710 1059 1928 1108 proficuum
1957 1059 2019 1095 vel
2041 1058 2238 1105 nocivum,
2258 1065 2323 1094 aut
2351 1058 2571 1107 simpliciter

1508 1121 1572 1151 aut
1599 1114 1638 1150 in
1666 1113 1792 1161 aliquo
1814 1124 1915 1149 casu.
1946 1112 1995 1148 Et
2013 1112 2051 1148 in
2071 1112 2146 1148 hoc
2173 1118 2298 1160 potest
2317 1110 2473 1159 quilibet
2493 1112 2571 1159 epi—

1509 1179 1648 1215 scopus
1678 1165 1910 1214 dispensare.

1562 1219 1805 1267 Quandoque
1824 1230 1918 1256 vero
1939 1217 2009 1254 sub
2030 1217 2242 1254 iuramento
2257 1215 2489 1265 promittitur
2508 1215 2572 1252 ali-

1509 1272 1602 1321 quid
1631 1271 1737 1319 quod
1766 1278 1820 1307 est
1848 1270 2045 1310 manifeste
2075 1270 2218 1307 licitum
2248 1277 2285 1306 et
2311 1269 2414 1306 utile.
2457 1269 2506 1306 Et
2534 1269 2572 1306 in

1507 1325 1570 1362 tali
1590 1324 1805 1360 iuramento
1825 1336 1905 1360 non
1922 1323 2074 1360 videtur
2092 1324 2233 1360 habere
2262 1324 2392 1360 locum
2421 1322 2572 1371 dispen-

1509 1378 1621 1415 satio:
1651 1377 1719 1413 sed
1740 1376 2003 1423 commutatio,
2024 1376 2055 1412 si
2073 1381 2091 1405 Ι*
2118 1375 2261 1424 aliquid
2280 1376 2416 1412 melius
2434 1375 2572 1413 facien-

1509 1431 1602 1468 dum
1641 1437 1813 1467 occurrat
1845 1429 1894 1466 ad
1928 1441 2178 1466 communem
2214 1428 2427 1475 utilitatem,
2466 1429 2572 1478 quod

1509 1484 1675 1521 maxime
1694 1483 1846 1520 videtur
1869 1482 2056 1532 pertinere
2076 1482 2125 1518 ad
2148 1489 2376 1530 potestatem
2395 1482 2523 1531 Papae
2537 1481 2570 1529 ²³²,
2601 1483 2610 1492 ‘

1508 1537 1574 1586 qui
1601 1537 1718 1574 habet
1737 1548 1867 1573 curam
1887 1535 2111 1573 universalis
2131 1534 2341 1581 Ecclesiae3
2370 1535 2433 1572 vel
2458 1534 2572 1572 etiam

1510 1591 1684 1628 absoluta
1704 1589 1893 1637 relaxatio,
1910 1590 2013 1638 quod
2033 1589 2146 1625 etiam
2166 1589 2214 1626 ad
2233 1588 2380 1637 Papam
2400 1588 2573 1637 pertinet,

1510 1644 1548 1680 in
1577 1643 1757 1681 omnibus
1785 1642 2009 1691 generaliter
2036 1654 2135 1691 quae
2170 1641 2219 1678 ad
2249 1641 2574 1690 dispensationem

1510 1709 1637 1734 rerum
1655 1696 1990 1733 ecclesiasticarum
2007 1695 2206 1744 pertinent,
2222 1707 2337 1743 super
2349 1707 2444 1743 quas
2459 1695 2575 1732 habet

1510 1750 1784 1800 plenitudinem
1800 1750 2011 1798 potestatis;
2034 1748 2127 1785 sicut
2139 1755 2176 1785 et
2188 1748 2239 1785 ad
2255 1759 2574 1798 unumquemque

1509 1803 1670 1852 pertinet
1689 1802 1832 1839 irritare
1860 1802 2117 1839 iuramentum
2141 1801 2247 1851 quod
2275 1813 2297 1838 a
2316 1801 2388 1838 sibi
2415 1802 2574 1839 subditis

1510 1857 1652 1893 factum
1674 1863 1729 1892 est
1749 1855 1846 1893 circa
1867 1868 1911 1892 ea
1931 1867 2028 1904 quae
2050 1855 2130 1891 eius
2149 1854 2325 1903 potestati
2344 1854 2574 1902 subduntur;

1510 1910 1606 1947 sicut
1633 1917 1740 1958 pater
1761 1916 1884 1958 potest
1912 1908 2055 1945 irritare
2082 1908 2340 1944 iuramentum
2369 1909 2519 1956 puellae
2539 1915 2576 1945 et

1509 1963 1567 1999 vir
1586 1962 1725 2009 uxoris,
1746 1970 1787 1999 ut
1806 1962 1941 1999 dicitur
1959 1961 2079 1998 Num.
2095 1973 2167 1997 xxx
2175 1960 2207 2007 ⁹¹⁸,
2229 1960 2324 1998 sicut
2344 1967 2380 1997 et
2399 1973 2514 2009 supra
2535 1960 2576 1983 ²⁸¹*

1512 2016 1559 2054 de
1587 2023 1680 2052 voto
1711 2015 1853 2052 dictum
1884 2023 1950 2052 est.

1560 2182 1588 2215 λ)
1608 2183 1735 2208 conditio.
1754 2196 1774 2201 —
1792 2183 1896 2207 ratione
1920 2181 1995 2206 cuius
2016 2181 2105 2212 possit
2130 2180 2226 2205 addunt
2250 2180 2303 2206 ΡΙ),
2322 2194 2341 2200 -
2360 2180 2411 2205 Pro
2429 2180 2579 2214 promittit,

1503 2218 1677 2251 promittitur
1696 2218 1778 2250 1²ch
1798 2223 1824 2242 et
1842 2224 1867 2243 a.

1562 2254 1590 2287 μ.)
1609 2254 1656 2279 sed
1674 2253 1855 2282 commutatio,
1874 2252 1905 2277 si.
1919 2266 1937 2270 -
1955 2252 1997 2276 vel
2020 2250 2194 2277 commutatio
2217 2251 2241 2276 si
2259 2250 2435 2284 BEFpACGL
2455 2256 2482 2277 et
2498 2258 2536 2276 xa
2553 2255 2580 2277 et

1508 2289 1608 2314 omisso
1628 2296 1680 2314 non
1705 2294 1764 2314 ante
1782 2288 1890 2313 videtur
1908 2288 1932 2317 1.
1952 2287 1992 2312 vel
2017 2286 2190 2312 commutatio
2210 2286 2262 2311 nisi
2280 2286 2420 2319 PDsAGL,
2445 2287 2487 2312 νει
2508 2294 2580 2313 com-

1509 2325 1622 2350 mutatio
1641 2324 1685 2349 ubi
1704 2325 1743 2354 H,
1762 2324 1803 2349 vel
1821 2323 1994 2349 commutatio
2014 2322 2066 2347 nisi
2079 2325 2194 2354 propter
2212 2322 2261 2354 pK,
2280 2322 2328 2347 sed
2347 2322 2388 2348 vel
2404 2322 2578 2348 commutatio

1507 2361 1531 2385 si
1550 2361 1596 2385 sK.
1609 2360 1798 2394 —faciendum
1817 2364 1876 2391 post
1895 2358 2040 2383 utilitatem
2060 2361 2162 2391 ponunt
2181 2357 2228 2382 Pa.

1068 2432 1403 2464 Commentarios
1424 2430 1677 2464 Cardinalis
1699 2430 1900 2463 Caietam

425 2514 445 2534 N
469 2503 601 2533 articulo
625 2512 712 2532 nono
737 2502 880 2532 eiusdem
903 2502 1221 2541 octogesimaenonae
1245 2501 1455 2542 quaestionis,

427 2554 502 2578 nota
526 2546 779 2577 convenientiam
803 2553 833 2576 et
856 2545 1063 2576 differentiam
1085 2546 1165 2576 inter
1186 2552 1298 2576 votum
1322 2553 1353 2576 et
1375 2546 1456 2576 iura-

396 2598 541 2622 mentum
569 2590 675 2631 quoad
702 2590 945 2630 dispensationis
975 2590 1203 2620 auctoritatem.
1235 2590 1319 2620 Nam
1344 2599 1456 2620 conve-

396 2637 489 2667 niunt
511 2635 543 2665 in
564 2636 624 2665 hoc
655 2635 743 2675 quod
767 2634 935 2675 utrobique
959 2634 1160 2675 dispensatio,
1178 2634 1398 2670 commutatio,
1415 2634 1457 2663 ir-

397 2680 500 2711 ritatio
524 2686 578 2710 aut
601 2679 748 2709 relaxatio
772 2678 807 2709 fit
830 2678 949 2709 ratione
965 2679 1122 2715 materiae,
1144 2685 1179 2709 ut
1202 2679 1297 2709 habes
1321 2678 1401 2709 clare
1425 2678 1457 2708 in

397 2725 507 2756 littera.
524 2723 716 2761 —4Differunt
737 2733 812 2753 vero
834 2722 867 2753 in
883 2723 1018 2759 duobus,
1036 2723 1075 2753 ad
1100 2723 1318 2763 propositum:
1342 2722 1459 2753 scilicet

397 2770 429 2799 in
453 2768 602 2809 qualitate
622 2767 778 2803 materiae,
803 2773 833 2797 et
856 2767 887 2797 in
912 2777 1047 2806 persona
1063 2767 1114 2797 cui
1130 2766 1173 2798 fit.
1198 2768 1280 2797 Nam
1294 2767 1360 2797 voti
1384 2777 1459 2807 pro-

398 2813 465 2853 pria
479 2812 609 2842 materia
624 2818 670 2842 est
686 2811 791 2842 solum
807 2811 931 2841 bonum
946 2811 1247 2851 supererogationis:
1268 2818 1298 2842 et
1313 2811 1373 2842 soli
1390 2811 1458 2842 Deo

398 2864 511 2888 votum
530 2855 573 2887 fit.
599 2855 767 2887 Iuramenti
783 2862 889 2886 autem
913 2855 1041 2895 propria
1057 2855 1187 2886 materia
1202 2862 1248 2886 est
1271 2865 1336 2886 non
1353 2855 1459 2886 solum

398 2903 521 2932 bonurn
545 2900 849 2940 supererogationis,
874 2900 928 2930 sed
951 2900 1046 2930 etiam
1069 2901 1192 2930 bonurn
1216 2900 1254 2930 de
1279 2900 1459 2930 necessitate
1486 2902 1487 2912 ¹

399 2945 516 2982 salutis,
537 2952 572 2975 ut
595 2945 722 2975 reddere
745 2944 898 2980 debitum,
922 2954 1043 2974 servare
1066 2943 1172 2980 fidem,
1190 2951 1258 2980 etc„
1283 2951 1314 2974 et
1337 2944 1462 2974 univer-

400 2990 503 3020 saliter
525 2989 753 3029 quodcumque
775 2988 907 3024 licitum,
929 2988 971 3019 ita
989 2995 1096 3019 tamen
1120 2989 1209 3029 quod
1232 2998 1298 3019 non
1322 2995 1460 3028 ponatur

400 3034 479 3064 obex
503 3033 632 3072 Spiritui
655 3033 781 3063 Sancto.
806 3033 846 3063 Et
868 3031 903 3063 fit
926 3033 1140 3063 iuramentum
1164 3043 1228 3063 non
1249 3033 1356 3064 solum
1379 3033 1459 3070 Deo,

401 3078 455 3108 sed
478 3077 729 3117 frequentissime
752 3077 885 3107 homini.

455 3121 496 3151 Et
518 3120 590 3150 hinc
613 3120 758 3160 provenit
782 3120 898 3160 duplex
921 3120 1102 3151 differentia.
1126 3121 1231 3151 Prima
1249 3128 1294 3152 est
1317 3121 1405 3162 quod
1428 3121 1461 3151 in

400 3165 482 3195 votis
505 3164 722 3204 dispensandis
742 3174 797 3194 seu
814 3165 1048 3195 commutandis
1072 3165 1242 3196 attenditur
1265 3165 1342 3206 quid
1361 3165 1461 3205 magis

401 3210 470 3240 Deo
495 3215 660 3249 acceptum
683 3208 731 3244 sit,
756 3215 791 3238 ut
814 3208 1009 3247 praedictum
1033 3215 1079 3239 est
1093 3207 1121 3239 ὓ.
1146 3209 1180 3238 In
1204 3209 1387 3240 iuramentis
1406 3219 1460 3239 au-

400 3261 465 3284 tern
481 3259 608 3293 oportet
622 3251 774 3292 respicere
790 3252 830 3282 ad
853 3251 1082 3292 praeiudicium
1105 3252 1244 3283 hominis
1269 3253 1319 3284 cui
1343 3253 1462 3284 factum

402 3304 457 3334 est,
483 3303 513 3328 et
535 3297 568 3327 in
592 3297 681 3327 cuius
705 3295 845 3327 favorem
869 3295 988 3326 factum
1012 3303 1067 3326 est.

458 3342 497 3372 Et
511 3341 584 3371 hinc
601 3340 742 3382 sequitur
757 3340 861 3371 altera.
889 3340 1012 3371 Scilicet
1028 3347 1058 3370 et
1076 3340 1165 3380 quod
1181 3340 1280 3370 homo
1304 3350 1369 3371 non
1389 3347 1460 3380 pot-

403 3392 448 3416 est
478 3392 590 3415 votum
621 3385 771 3421 relaxare,
796 3384 871 3425 quia
901 3394 966 3414 non
989 3383 1024 3414 fit
1047 3383 1186 3414 homini:
1219 3385 1273 3414 sed
1305 3384 1462 3415 iuramen-

403 3437 470 3460 tum
495 3436 599 3469 potest
622 3429 721 3460 homo
745 3428 868 3459 homini
888 3429 1031 3464 relaxare,
1056 3435 1092 3458 ut
1114 3428 1147 3458 in
1170 3428 1271 3459 littera
1295 3428 1407 3459 dicitur
1429 3428 1462 3458 in

404 3473 608 3512 responsione
631 3474 671 3503 ad
694 3474 880 3509 secundum,
904 3473 980 3514 quia
1002 3471 1037 3503 fit
1058 3472 1182 3502 homini
1205 3479 1334 3512 propter
1356 3473 1463 3513 ipsum

404 3517 577 3548 hominem.
611 3518 651 3547 Et
678 3517 766 3558 quod
794 3517 951 3557 praelatus
974 3516 1217 3553 ecclesiasticus,
1242 3517 1338 3547 etiarn
1360 3517 1461 3557 Papa,

405 3571 467 3591 non
489 3561 581 3592 habet
596 3561 637 3591 ita
658 3568 846 3601 potestatem
862 3571 957 3601 super
973 3561 1148 3592 iuramenta
1163 3560 1244 3591 sicut
1259 3570 1353 3601 supra
1369 3567 1461 3591 vota:

1482 2530 1483 2533 ,
1508 2501 1601 2531 rebus
1621 2510 1691 2535 non,
1706 2499 1929 2536 ecclesiasticis,
1950 2499 2031 2530 sicut
2055 2506 2101 2529 est
2123 2498 2155 2528 in
2179 2504 2335 2538 potestate
2357 2508 2414 2528 sua
2431 2508 2580 2530 commu-

1507 2552 1571 2575 tare
1596 2545 1628 2574 in
1645 2545 1766 2585 aliquid
1789 2544 1907 2584 gratius
1923 2544 2010 2580 Deo;
2035 2543 2111 2584 quia
2135 2549 2182 2573 est
2204 2542 2264 2572 Dei
2286 2542 2431 2579 vicarius,
2457 2549 2487 2573 et
2510 2553 2578 2574 non

1510 2595 1557 2619 est
1578 2589 1713 2619 vicarius
1732 2588 1815 2618 illius
1838 2588 1991 2623 hominis;
2017 2597 2074 2617 nec
2089 2586 2132 2617 ita
2147 2593 2193 2617 est
2207 2594 2302 2626 super
2320 2596 2395 2617 eum
2418 2593 2455 2617 ut
2478 2587 2581 2628 possit

1509 2633 1602 2663 illum
1626 2633 1719 2663 rebus
1742 2633 1807 2662 suis
1830 2632 1951 2672 privare
1974 2632 2013 2662 ad
2036 2631 2172 2662 libitum.
2198 2631 2239 2661 Et
2262 2631 2324 2661 hoc
2349 2641 2415 2661 non
2439 2637 2485 2662 est
2508 2641 2583 2672 pro-

1510 2684 1579 2717 pter
1595 2677 1754 2707 defectum
1773 2676 1936 2717 potestatis
1952 2677 2065 2715 Papae,
2082 2682 2137 2706 aut
2159 2675 2376 2706 excellentiam
2394 2675 2577 2707 iuramenti:

1511 2722 1566 2752 sed
1596 2731 1633 2752 ex
1656 2728 1767 2752 natura
1791 2727 1969 2751 contractus
1997 2720 2177 2750 iuramento
2200 2718 2332 2756 firmati,
2357 2719 2475 2750 scilicet
2498 2720 2580 2751 inter

1510 2765 1676 2796 hominem
1700 2772 1730 2796 et
1753 2765 1927 2796 hominem.
1953 2764 2120 2802 Quocirca,
2142 2770 2281 2794 cessante
2305 2763 2498 2804 praeiudicio
2522 2764 2579 2795 ho-

1511 2810 1622 2846 minis,
1646 2810 1690 2840 ita
1712 2810 1888 2840 iuramenta
1911 2809 2123 2840 subiiciuntur
2145 2808 2303 2840 Ecclesiae
2327 2808 2475 2848 potestati
2498 2808 2580 2840 sicut

1512 2854 1607 2885 etiam
1634 2860 1719 2884 vota.
1755 2854 1796 2884 Et
1825 2863 1899 2884 cum
1922 2854 2137 2884 iuramentum
2168 2852 2207 2883 sit
2238 2852 2344 2883 minus
2371 2852 2580 2893 obligativum

1512 2909 1611 2940 quam
1640 2905 1772 2934 votum,
1802 2904 1837 2928 ut
1867 2898 2087 2937 praehabitum
2118 2897 2212 2933 est*,
2239 2906 2436 2938 consequens
2467 2903 2514 2928 est
2543 2903 2581 2928 ut

1513 2943 1623 2973 omnia
1645 2942 1822 2973 iuramenta
1836 2941 1959 2972 subsint
1974 2941 2176 2972 inferioribus
2199 2941 2303 2981 Papae,
2326 2950 2418 2982 quae,
2435 2940 2461 2971 si
2477 2948 2582 2972 essent

1512 2994 1596 3024 vota,
1621 2987 1786 3018 subessent
1809 2986 1944 3017 eisdem:
1969 2986 2045 3027 quia
2068 2986 2119 3017 cui
2143 2995 2330 3017 concessum
2347 2991 2393 3016 est
2416 2995 2510 3025 posse
2529 2995 2580 3016 or-

1514 3031 1632 3062 dinarie
1655 3031 1688 3061 in
1713 3031 1826 3068 maius,
1843 3041 2030 3062 concessum
2050 3038 2097 3061 est
2120 3040 2213 3070 posse
2233 3036 2263 3060 et
2285 3029 2318 3060 in
2335 3029 2451 3060 minus.
2476 3030 2517 3060 Et
2539 3029 2581 3061 si-

1513 3076 1627 3107 militer
1650 3076 1797 3106 videntur
1820 3082 1972 3106 reservata
1992 3075 2101 3106 omnia
2116 3075 2293 3106 iuramenta
2311 3074 2416 3115 Papae
2440 3083 2532 3115 quae,
2552 3073 2579 3104 si

1513 3127 1617 3151 essent
1632 3127 1716 3157 vota,
1737 3126 1839 3150 essent
1862 3120 1965 3160 Papae
1981 3125 2152 3150 reservata:
2177 3125 2214 3150 ut
2235 3118 2452 3149 iuramentum
2475 3117 2514 3149 de
2530 3127 2580 3149 ca-

1514 3165 1625 3201 stitate,
1651 3171 1681 3195 et
1703 3164 1899 3195 huiusmodi.
1923 3164 1964 3195 Et
1986 3174 2023 3194 ex
2045 3163 2104 3194 hac
2127 3163 2230 3194 radice
2254 3162 2394 3194 Ecclesia
2421 3161 2580 3202 dispensat

1513 3209 1547 3239 in
1570 3208 1753 3239 iuramentis
1770 3208 1901 3239 coactis:
1926 3208 2001 3249 quia
2016 3208 2132 3239 scilicet
2155 3213 2254 3238 cessat
2276 3206 2506 3248 praeiudicium
2519 3205 2580 3237 ho-

1515 3253 1625 3289 minis,
1651 3259 1681 3283 et
1704 3252 1835 3283 audacia
1858 3252 2019 3283 malorum
2049 3258 2210 3283 coercetur
2232 3251 2445 3292 dispensando
2462 3249 2490 3281 ¹¹⁸.

1571 3297 1608 3328 11.
1633 3297 1669 3326 In
1693 3296 1807 3327 eodem
1830 3296 1973 3332 articulo,
1989 3296 2022 3326 in
2045 3295 2253 3337 responsione
2272 3296 2312 3326 ad
2334 3295 2479 3331 tertium,
2503 3299 2579 3325 nota

1515 3341 1605 3381 quod
1628 3340 1794 3381 dupliciter
1813 3340 1967 3380 contingit
1989 3339 2056 3371 fieri
2071 3340 2295 3371 relaxationem
2311 3337 2495 3370 iuramenti:
2519 3337 2577 3368 sci-

1514 3385 1586 3415 licet
1609 3384 1733 3420 directe,
1757 3384 1807 3415 vel
1830 3384 1988 3415 indirecte.
2017 3384 2140 3415 Directe
2159 3384 2290 3426 quidem
2306 3382 2342 3414 fit
2364 3382 2486 3413 duabus
2502 3381 2577 3412 viis:

1515 3435 1570 3459 aut
1592 3429 1712 3459 ratione
1728 3428 1883 3465 materiae,
1908 3429 1982 3469 quia
2002 3429 2119 3459 scilicet
2141 3428 2271 3459 materia
2294 3433 2340 3458 est
2361 3425 2510 3467 potestati
2533 3435 2580 3456 re-

1515 3473 1646 3503 laxantis
1663 3472 1797 3509 subdita,
1815 3480 1850 3503 ut
1874 3473 2027 3513 contingit
2042 3473 2075 3503 in
2095 3479 2182 3513 patre
2200 3478 2342 3512 respectu
2361 3470 2443 3501 filiae
2462 3476 2492 3500 et
2511 3470 2579 3500 viro

1516 3524 1659 3557 respectu
1684 3516 1789 3548 uxoris
1813 3523 1844 3547 et
1866 3517 2000 3547 domino
2028 3523 2171 3557 respectu
2195 3515 2291 3552 servi,
2314 3521 2346 3545 et
2374 3514 2578 3550 huiusmodi;

1516 3568 1570 3591 aut
1594 3561 1714 3591 ratione
1738 3561 1854 3601 publici
1879 3560 1990 3597 officii,
2014 3561 2090 3602 quia
2113 3559 2229 3591 scilicet
2251 3558 2295 3590 sic
2317 3558 2442 3599 expedit
2465 3557 2578 3594 facere,

405 3606 479 3645 quia
502 3615 567 3635 non
591 3611 637 3635 est
659 3605 701 3635 ita
724 3605 755 3634 in
779 3612 933 3645 potestate
956 3606 1058 3645 Papae
1089 3604 1210 3635 auferre
1232 3604 1282 3635 ius
1305 3605 1402 3641 tertii,
1431 3605 1463 3635 in
1488 3619 1490 3635 l
1515 3605 1660 3646 quamvis
1684 3605 1736 3635 ille
1759 3605 1814 3646 qui
1838 3605 1950 3636 iuravit
1974 3605 2056 3635 licite
2080 3601 2187 3644 posset
2210 3612 2341 3639 servare,
2367 3609 2403 3633 ut
2426 3601 2581 3642 contingit

2597 848 2804 877 ‘Ibid.,⁸rt.7‚ad2.

2604 1966 2615 1975 ⁸
2629 1964 2695 1987 vm.
2708 1967 2723 1987 ο
2737 1970 2789 1993 sqq.

2605 1992 2627 2003 ⁸·
2640 1991 2690 2039 Qg.
2703 1997 2817 2018 uxxvm,

2605 2021 2647 2040 art.
2680 2033 2686 2039 .

2606 2897 2719 2920 ‘Art-8.

2606 3244 2616 3254 ⁸
2625 3243 2662 3266 Cf.
2669 3246 2739 3272 art-7,
2745 3242 2818 3266 oom-

2606 3273 2676 3292 ment.
2686 3275 2751 3292 num.
2764 3275 2816 3292 nu.
