2860 4244
47 480 55 488 ·
69 478 134 499 Vers.
150 483 179 505 ¹3·

42 846 256 900 Ιοῗιΐίεςὲῗηειῗιξ·

42 890 99 925 ud„
115 899 179 920 rubr.

153 1006 198 1050 “3-
213 1005 234 1048 ξς
248 1010 259 1015 ·
287 1000 385 1047 dicit,
407 1000 445 1036 in
473 1000 524 1036 IV
542 1000 662 1036 Ethic.
682 999 703 1019 *

993 283 1259 331 QUAESTIO
1294 283 1341 329 C,
1371 281 1667 318 ARTICULUS
1698 281 1727 316 11

280 368 373 406 tuito
392 372 405 388 ²
425 367 544 404 detur.
569 366 845 415 Dispensantur
864 372 991 400 autem
1012 370 1249 400 sacramenta
1269 374 1337 410 per

282 420 472 458 Ecclesiae
501 419 711 465 ministros,
733 430 830 466 quos
850 424 999 466 oportet
1027 428 1049 452 a
1077 416 1220 464 populo
1257 427 1335 452 sus-

281 526 441 564 Nescitis
468 525 646 574 quoniam
676 524 742 572 qui
762 524 799 559 in
818 523 987 560 sacrario
1007 527 1222 570 operantur,
1242 533 1339 569 quae

281 580 327 616 de
352 578 522 616 sacrario
548 583 636 615 sunt
657 577 787 613 edunt:
815 581 851 612 et
869 575 934 623 qui
955 574 1068 611 altari
1086 573 1098 599 ῑ
1116 574 1337 619 deserviunt,

282 644 368 668 cum
396 631 531 668 altario
563 628 870 679 participantur?
897 628 959 664 Sic
992 627 1100 675 igitur
1137 627 1339 664 dicendum

284 693 339 721 est
366 684 471 733 quod
499 684 670 732 accipere
689 681 892 730 pecuniam
912 692 982 729 pro
1011 679 1191 728 spirituali
1218 691 1340 716 sacra-

285 745 501 774 mentorum
522 735 639 783 gratia
659 741 715 770 est
734 734 876 770 crimen
897 733 1094 779 simoniae,
1115 733 1221 781 quod
1240 733 1341 769 nulla

285 788 556 827 consuetudine
594 794 718 836 potest
755 786 942 823 excusari:
986 786 1075 834 quia
1115 785 1340 823 consuetudo

284 854 358 880 non
372 841 610 890 praeiudicat
627 841 702 876 iuri
719 840 886 876 naturali
902 839 962 876 vel
979 839 1105 876 divino
1124 839 1155 875 ²¹⁶.
1185 840 1258 875 Per
1276 850 1341 886 pe-

286 894 435 932 cuniam
466 901 594 930 autem
632 892 844 940 intelligitur
871 904 982 929 omne
1010 892 1102 928 illud
1127 893 1232 928 cuius
1254 902 1343 939 pre-

285 949 376 984 tium
407 952 530 995 potest
564 946 727 994 pecunia
764 945 957 982 aestimari
964 958 976 981 .·
1011 952 1053 981 ut
1088 943 1343 992 Philosophus

729 1018 753 1025 —
773 998 956 1046 Accipere
985 1005 1112 1034 autem
1142 997 1267 1043 aliqua
1296 996 1343 1031 ad

286 1053 598 1091 sustentationem
638 1063 772 1088 eorum
809 1051 874 1100 qui
911 1057 1148 1087 sacramenta
1180 1054 1199 1076 η
1236 1047 1345 1085 mini-

289 1114 417 1152 strant,
446 1105 658 1142 secundum
679 1104 956 1141 ordinationem
987 1102 1181 1139 Ecclesiae
1201 1109 1236 1137 et
1256 1113 1345 1138 eon-

290 1159 508 1196 suetudines
536 1158 784 1207 approbataS,
814 1168 892 1192 non
915 1162 981 1191 est
1008 1154 1191 1200 simonia,
1222 1165 1345 1202 neque

289 1219 507 1262 peccatum:
527 1223 604 1247 non
625 1209 726 1246 enim
747 1205 959 1256 accipitur⁰
979 1215 1160 1257 tanquam
1181 1207 1346 1256 pretium
1372 1201 1374 1217 4

291 1263 497 1311 mercedis,
527 1263 595 1300 sed
622 1270 805 1310 tanquam
841 1260 1070 1310 stipendium
1104 1260 1346 1298 necessitatis,
1374 1263 1375 1266 ’

287 1317 405 1356 Unde
431 1312 544 1365 super
571 1315 663 1352 illud
691 1316 704 1351 1
734 1314 786 1351 ad
806 1314 901 1351 Tim.
921 1325 946 1349 v
963 1313 1002 1361 ⁹⁸,
1035 1315 1109 1356 Qui
1129 1315 1222 1351 bene
1236 1325 1348 1362 prae-

287 1375 375 1408 sunt
385 1368 601 1418 presbyteri
615 1375 698 1414 etc.,
720 1366 810 1404 dicit
830 1367 968 1403 Glossa
987 1368 1006 1388 *
1023 1367 1221 1415 Augustini
1238 1380 1246 1404 :
1273 1367 1347 1403 Ac-

290 1423 430 1472 cipiunt
452 1422 753 1459 sustentationem
782 1420 1004 1457 necessitatis
1023 1433 1047 1457 a
1059 1420 1223 1469 populo,
1251 1432 1348 1457 mer-

290 1476 416 1513 cedem
444 1473 724 1523 dispensationis
751 1485 775 1509 a
802 1473 980 1509 Domino.

344 1530 403 1565 An
422 1539 560 1565 pannum
578 1537 677 1565 ERGO
696 1537 882 1565 DicENDuM
902 1525 1006 1574 quod
1035 1525 1074 1562 in
1102 1537 1191 1562 casu
1221 1538 1350 1562 neces-

292 1580 413 1622 sitatis
443 1588 569 1630 potest
604 1579 760 1629 quilibet
795 1579 999 1627 baptizare.
1038 1578 1087 1614 Et
1123 1578 1212 1627 quia
1244 1579 1348 1615 nullo

294 1634 413 1672 modo
443 1641 498 1671 est
516 1633 767 1682 peccandum,
787 1644 858 1680 pro
879 1632 1016 1669 eodem
1046 1638 1102 1667 est
1129 1632 1351 1669 habendum
1404 1635 1594 1672 visionem
1624 1647 1690 1671 seu
1720 1634 1971 1681 collationem,
2002 1635 2253 1672 simoniacum
2275 1644 2372 1672 esset
2399 1636 2465 1672 ad-

295 1687 324 1724 si
352 1687 532 1724 sacerdos
550 1687 695 1734 absque
722 1684 845 1733 pretio
864 1684 1054 1733 baptizare
1083 1697 1161 1721 non
1183 1685 1287 1732 velit,
1308 1697 1352 1721 ac

295 1740 325 1777 si
353 1750 430 1777 non
461 1747 559 1776 esset
591 1739 657 1787 qui
686 1737 901 1787 baptizaret.
939 1738 1051 1775 Unde
1080 1737 1139 1774 ille
1169 1737 1233 1787 qui
1261 1738 1354 1787 gerit

296 1805 426 1830 curam
454 1791 563 1842 pueri
590 1792 628 1829 in
657 1791 719 1828 tali
747 1803 837 1827 casu
865 1790 961 1828 licite
989 1799 1118 1839 posset
1141 1796 1149 1811 ²
1170 1803 1259 1827 eum
1287 1793 1352 1828 ba-

295 1846 434 1895 ptizare
447 1875 456 1893 ,
485 1846 548 1883 vel
568 1857 590 1881 a
609 1856 856 1893 quocumque
879 1843 952 1881 alio
973 1844 1096 1881 facere
1117 1844 1308 1893 baptizari.
1328 1865 1353 1872 -

297 1900 431 1936 Posset
458 1906 588 1936 tamen
625 1897 722 1934 licite
758 1909 896 1945 aquam
927 1909 949 1933 a
977 1897 1175 1934 sacerdote
1204 1910 1332 1934 emere

297 1964 396 2001 quae
426 1960 480 1988 est
507 1963 602 2000 pure
621 1956 637 1972 ²
657 1951 889 1987 elementum
919 1950 1127 1999 corporale.

353 2005 391 2042 Si
419 2012 547 2041 autem
577 2011 675 2040 esset
703 2003 851 2040 adultus
888 2002 953 2050 qui
990 2003 1223 2052 baptismum
1259 2003 1354 2041 desi-
1381 2009 1383 2029 ἕ
1408 2018 1478 2054 pro
1508 2005 1751 2042 matrimonio
1780 2005 1865 2041 licet
1882 2004 2086 2054 pecuniam
2116 2005 2218 2051 dare,
2240 2005 2328 2054 quia
2356 2005 2392 2042 in
2422 2018 2468 2042 eo

299 2059 457 2104 deraret,
488 2065 525 2094 et
550 2056 766 2093 immineret
795 2055 924 2093 mortis
953 2055 1178 2104 periculum,
1199 2069 1270 2093 nec
1299 2069 1356 2093 sa·
1382 2070 1383 2083 π

1241 2110 1353 2146 debe·
1382 2106 1383 2127 ³

299 2172 355 2201 ret
372 2161 398 2208 λ,
420 2163 451 2200 si
478 2170 618 2212 posset,
639 2174 707 2211 per
726 2162 842 2199 alium
868 2161 1060 2210 baptizari.
1091 2162 1207 2209 Quod
1227 2162 1257 2199 si
1278 2175 1356 2200 non
1383 2178 1384 2184 ¹

300 2110 433 2148 cerdos
470 2122 558 2147 eum
587 2110 700 2146 vellet
727 2109 807 2146 sine
843 2108 964 2158 pretio
993 2109 1201 2158 baptizare:

299 2224 429 2266 posset
456 2216 506 2253 ad
533 2216 649 2252 aliurn
678 2216 820 2252 habere
856 2227 1073 2262 recursum,
1104 2216 1208 2252 nullo
1237 2216 1356 2253 modo

299 2270 456 2307 deberet
483 2269 647 2318 pretium
674 2281 745 2317 pro
774 2268 964 2316 baptismo
994 2269 1105 2315 dare,
1135 2269 1203 2305 sed
1231 2269 1358 2318 potius

300 2323 445 2371 absque
481 2322 672 2371 baptismo
701 2321 886 2358 decedere
905 2326 938 2357 με
961 2322 1156 2370 suppletur
1192 2322 1293 2359 enim
1323 2322 1357 2358 ei

299 2388 345 2413 ex
373 2375 563 2424 baptismo
591 2374 756 2412 flaminis
775 2373 880 2423 quod
910 2386 955 2410 ex
974 2381 1212 2411 sacramento
1242 2375 1358 2412 deest.

350 2430 411 2465 AD
430 2440 620 2465 SECUNDUM
639 2439 824 2465 morannum
853 2427 957 2475 quod
985 2428 1163 2464 sacerdos
1192 2440 1269 2465 non
1299 2441 1359 2465 ac-

299 2481 385 2530 cipit
413 2481 616 2530 pecuniam
647 2481 754 2529 quasi
775 2480 938 2529 pretium
960 2481 1254 2517 consecrationis
1283 2482 1361 2518 Eu-

298 2534 496 2571 charistiae
516 2541 581 2571 aut
599 2534 739 2570 missae
769 2533 977 2570 cantandae
997 2539 1022 2579 V.
1043 2534 1118 2570 hoc
1138 2533 1240 2570 enim
1262 2542 1360 2571 esset

2372 277 2444 313 355

1363 398 1364 403 ,
1391 359 1666 397 simoniacum:
1695 358 1763 394 sed
1791 357 1898 406 quasi
1927 356 2155 405 stipendium
2186 367 2276 391 suae
2305 363 2449 392 susten-

1391 418 1541 455 tationis
1582 425 1623 453 ut
1643 417 1784 454 dictum
1814 423 1869 452 est
1886 415 1918 453 ³¹⁸.

280 472 428 511 tentari.
455 472 665 509 secundum
690 471 779 507 illud
811 470 996 518 Apostoli,
1026 469 1110 505 Iad
1142 469 1228 505 Cor.
1250 468 1335 505 ix*:
1545 447 1553 465 ⁷

1448 478 1503 512 AD
1523 487 1682 512 TERTiuM
1697 486 1881 511 mcENDuM
1897 474 2000 523 quod
2016 472 2179 522 pecunia
2201 484 2279 509 non
2295 472 2451 520 exigitur

1393 529 1440 565 ab
1471 541 1516 564 eo
1546 528 1608 577 qui
1637 527 1845 564 absolvitur
1868 526 1975 575 quasi
2002 526 2164 575 pretium
2191 525 2450 572 absolutionis,

1391 583 1466 618 hoc
1486 581 1587 616 enim
1609 588 1707 616 esset
1726 580 1996 616 simoniacum:
2018 579 2085 616 sed
2104 578 2211 626 quasi
2231 590 2357 626 poena
2377 580 2452 615 cul-

1393 645 1465 682 pae
1492 633 1764 681 praecedentis,
1794 645 1863 681 pro
1893 645 1968 680 qua
1996 632 2063 668 fuit
2089 631 2451 668 excommunicatus.

1447 687 1506 722 An
1535 697 1706 727 QUARTUM
1731 697 1914 722 DlCENDUM
1934 685 2052 734 quod,
2073 685 2168 721 sicut
2187 684 2329 721 dictum
2351 693 2406 721 est
2419 684 2450 731 ²¹⁸,

1395 739 1618 775 consuetudo
1658 750 1731 774 non
1756 738 1992 786 praeiudicat
2024 738 2099 774 iuri
2126 738 2292 774 naturali
2315 738 2375 774 vel
2401 738 2454 774 di-

1394 792 1494 836 vino,
1517 802 1593 838 quo
1623 790 1785 826 simonia
1812 791 2045 839 prohibetur.
2075 791 2123 826 Et
2151 790 2238 827 ideo
2268 791 2297 826 si
2327 791 2453 838 aliqua

1396 855 1442 880 ex
1461 844 1732 879 consuetudine
1754 845 1947 891 exigantur
1966 844 2073 891 quasi
2093 843 2254 891 pretium
2276 843 2329 880 rei
2348 844 2454 892 spiri-

1396 895 1516 942 tualis,
1547 908 1633 931 cum
1662 896 1866 932 intentione
1901 896 2052 933 emendi
2082 897 2137 932 vel
2165 896 2370 943 vendendi,
2401 904 2456 932 est

1400 948 1595 985 manifeste
1625 948 1804 985 simonia:
1836 957 1871 985 et
1898 949 2099 998 praecipue
2119 948 2150 984 si
2169 950 2216 985 ab
2235 949 2354 986 invito
2384 949 2456 985 exi-

1398 1008 1544 1049 gantur.
1575 1001 1615 1037 Si
1642 1013 1735 1037 vero
1765 1001 1993 1049 accipiantur
2011 1000 2022 1026 ξ
2043 1001 2149 1050 quasi
2176 1002 2366 1050 quaedam
2396 1002 2456 1038 sti-

1399 1054 1539 1102 pendia
1561 1066 1629 1102 per
1649 1053 1963 1090 consuetudinem
1983 1054 2231 1102 approbatam
2250 1060 2275 1101 ⁰,
2297 1067 2374 1091 non
2404 1063 2459 1091 est

1400 1106 1578 1143 simonia:
1609 1106 1638 1142 si
1666 1114 1793 1143 tamen
1816 1106 1911 1142 desit
1929 1107 2083 1142 intentio
2114 1107 2265 1143 emendi
2284 1109 2346 1144 vel
2364 1120 2458 1144 ven-

1401 1160 1536 1206 dendi,
1566 1160 1632 1195 sed
1661 1159 1816 1195 intentio
1852 1159 2031 1195 referatur
2066 1159 2114 1195 ad
2143 1160 2263 1195 solam
2301 1173 2458 1197 consue·

1400 1213 1538 1250 tudinis
1560 1212 1858 1258 observantiam,
1880 1220 1915 1248 et
1933 1212 2137 1260 praecipue
2157 1212 2311 1260 quando
2328 1213 2459 1261 aliquis

1400 1265 1612 1303 voluntarie
1641 1265 1764 1302 solvit.
1795 1266 1836 1301 In
1863 1265 1921 1301 his
1949 1272 2077 1301 tamen
2107 1265 2283 1302 omnibus
2307 1266 2460 1302 sollicite

1403 1319 1618 1356 cavendum
1647 1326 1703 1355 est
1730 1317 1834 1366 quod
1862 1318 1977 1354 habet
1996 1317 2162 1366 speciem
2186 1318 2371 1355 simoniae
2398 1320 2461 1355 vel

1403 1371 1633 1420 cupiditatis:
1664 1371 1874 1407 secundum
1902 1370 1991 1407 illud
2019 1370 2204 1419 Apostoli,
2227 1373 2239 1407 1
2264 1371 2316 1407 ad
2337 1373 2461 1408 less.

1375 1471 1377 1484 ¹
1402 1425 1468 1461 ult.
1489 1424 1529 1461 *ε
1549 1424 1609 1460 Ab
1637 1424 1743 1460 omni
1767 1423 1887 1471 specie
1914 1424 2015 1460 mala
2043 1423 2220 1460 abstinete
2246 1435 2323 1460 vos.

1456 1479 1514 1514 An
1551 1488 1712 1519 QU1NT1JM
1747 1488 1931 1513 montinum
1969 1477 2074 1524 quod
2110 1484 2315 1524 antequam
2352 1477 2463 1514 alicui

1405 1529 1620 1577 acquiratur
1647 1529 1705 1566 ius
1734 1530 1772 1565 in
1801 1529 2032 1577 episcopatu,
2053 1530 2115 1566 vel
2139 1541 2381 1578 quacumque
2410 1530 2463 1567 di-

1405 1583 1541 1630 gnitate
1570 1594 1636 1618 seu
1664 1582 1901 1630 praebenda,
1932 1594 2000 1630 per
2028 1582 2252 1619 electionem
2281 1583 2339 1619 vel
2376 1595 2465 1631 pro-

1406 1688 1640 1725 versantium
1661 1688 1855 1724 obstacula
1874 1687 2035 1736 pecunia
2055 1688 2261 1724 redimere:
2292 1688 2344 1725 sic
2364 1689 2465 1725 enim

1378 1782 1380 1784 ,
1406 1753 1475 1791 per
1502 1740 1704 1789 pecuniam
1724 1748 1873 1789 pararet
1900 1740 1971 1777 sibi
1997 1740 2101 1777 viam
2122 1741 2171 1777 ad
2191 1753 2271 1777 rem
2296 1741 2466 1789 spiritua-

1406 1795 1481 1831 lem
1511 1794 1772 1830 obtinendam.
1803 1793 1879 1830 Sed
1907 1801 2110 1842 postquam
2140 1793 2214 1830 iam
2245 1793 2303 1830 ius
2321 1800 2339 1815 π
2359 1794 2467 1831 alicui

1379 1847 1381 1859 ¹
1409 1847 1634 1896 acquisitum
1663 1854 1728 1892 est,
1758 1846 1843 1882 licet
1870 1859 1939 1895 per
1956 1847 2159 1895 pecuniam
2190 1846 2324 1883 iniusta
2350 1847 2468 1895 impe-

1344 1927 1352 1944 ‚
1381 1942 1382 1946 Ἰ
1409 1900 1576 1938 dimenta
1605 1911 1817 1936 removere.

1461 1955 1519 1989 An
1535 1964 1676 1989 SEXTUM
1690 1964 1875 1989 DlCENDUM
1890 1951 1996 2000 quod
2016 1951 2171 2000 quidam
2182 1951 2202 1973 ’¹‘
2219 1952 2346 1989 dicunt
2365 1953 2506 2001 quod

1410 2071 1488 2096 non
1518 2059 1709 2095 confertur
1736 2058 1864 2106 gratia.
1884 2078 1908 2085 -
1930 2057 2006 2094 Sed
2042 2058 2116 2094 hoc
2145 2070 2222 2094 non
2252 2066 2306 2094 est
2333 2071 2470 2107 usque-

1410 2124 1561 2160 quaque
1590 2123 1743 2148 verum:
1774 2118 1814 2147 ut
1841 2111 1879 2147 in
1908 2112 1956 2146 111
1987 2111 2096 2147 Parte
2124 2110 2236 2147 huius
2264 2111 2389 2159 operis
2418 2112 2470 2148 di-

1411 2173 1516 2201 cetur
1529 2164 1560 2201 ²¹².
1590 2165 1639 2201 Et
1658 2164 1744 2201 ideo
1774 2163 1879 2200 aliter
1898 2163 2103 2200 dicendum
2124 2171 2188 2209 est,
2211 2164 2316 2211 quod
2345 2164 2470 2201 matri-

1411 2217 1586 2254 monium
1616 2229 1693 2254 non
1722 2217 1846 2253 solum
1877 2224 1932 2253 est
1959 2216 2151 2253 Ecclesiae
2177 2225 2470 2264 sacramentum,

1412 2270 1480 2307 sed
1509 2266 1620 2306 e‘tiam
1659 2277 1814 2307 naturae
1835 2274 1848 2298 Ρ
1878 2269 2060 2306 officium.
2099 2270 2147 2305 Et
2174 2268 2260 2306 ideo
2290 2270 2379 2307 dare
2407 2283 2472 2319 pe-

1413 2323 1564 2360 cuniam
1593 2335 1663 2371 pro
1693 2322 1938 2359 matrimonio
1970 2322 2191 2371 inquantum
2226 2330 2282 2359 est
2318 2331 2472 2360 naturae

1414 2376 1596 2423 officium,
1627 2375 1768 2412 licitum
1789 2382 1862 2412 est:
1896 2375 2121 2423 inquantum
2139 2387 2234 2412 vero
2263 2383 2319 2412 est
2345 2377 2475 2412 Eccle-

1414 2429 1493 2466 siae
1522 2436 1816 2475 sacramentum,
1846 2435 1902 2464 est
1929 2428 2110 2465 illicitum.
2141 2429 2189 2464 Et
2216 2428 2303 2464 ideo
2341 2441 2474 2465 secun-

1416 2482 1509 2519 dum
1538 2482 1617 2518 iura
1645 2481 1665 2503 ’¹‘
1691 2482 1914 2530 prohibetur
1941 2493 1988 2518 ne
2017 2493 2086 2529 pro
2116 2481 2378 2518 benedictione
2407 2494 2476 2519 nu-

1415 2535 1579 2584 ptiarum
1608 2534 1750 2583 aliquid
1779 2533 1957 2581 exigatur.

352 2649 374 2680 ε)
392 2648 523 2681 gratuito.
534 2661 554 2666 -
570 2647 691 2680 gratuite
708 2647 822 2672 PHla.—-
840 2647 890 2672 Pro
909 2647 996 2677 detur,
1017 2648 1129 2672 daretur
1147 2649 1179 2673 D.

351 2683 377 2716 ζ)
396 2683 487 2708 altari.
498 2696 518 2702 —
535 2683 634 2707 altario
646 2682 723 2712 PDa;
742 2683 822 2707 altero
837 2683 894 2707 loco
908 2682 992 2707 altari
1009 2682 1115 2708 EGHa:
1133 2691 1180 2715 pro
1195 2683 1363 2716 participan-

300 2723 353 2748 tur,
367 2718 536 2751 participant
556 2718 601 2742 Pa.

351 2755 379 2786 η)
397 2756 576 2779 sacramenta.
587 2766 606 2772 -
618 2753 751 2778 Ecclesiae
765 2753 834 2778 addit
847 2753 877 2784 L,
890 2753 990 2778 Gir-isti
1004 2753 1073 2777 addit
1088 2753 1107 2777 Ρ
1115 2761 1122 2783 ;
1136 2759 1196 2786 post
1210 2754 1363 2779 ministrant
1390 2767 1392 2787 ³,

301 2790 342 2815 ed.
360 2796 377 2814 a
396 2789 466 2814 addit
485 2788 595 2813 Christi.

355 2823 379 2857 Θ)
398 2824 538 2856 accipitur.
551 2837 569 2842 -
586 2823 702 2848 sumitur
720 2823 768 2848 Pa.

355 2861 373 2892 ι)
390 2862 491 2892 posset.
502 2873 520 2877 -
533 2858 621 2891 possit
639 2858 777 2891 BEFpAK,
792 2861 883 2890 potest
901 2858 970 2883 PIsK
989 2863 1014 2882 et
1032 2865 1058 2883 a.

355 2895 381 2927 κ)
396 2901 474 2927 pure.
487 2907 506 2914 ·-
520 2901 620 2926 purum
640 2893 668 2917 P.

354 2929 383 2962 λ)
398 2930 512 2955 deberet.
523 2943 543 2948 -
560 2929 636 2954 debet
654 2928 772 2960 BFGpK.

1471 2650 1499 2682 μ)
1520 2649 1652 2673 decedere.
1672 2661 1691 2666 ·-
1709 2648 1832 2672 recedere
1861 2647 2036 2679 ABEFGLpC
2055 2652 2081 2671 et
2105 2654 2130 2671 a.
2145 2661 2162 2665 -
2180 2648 2230 2671 Pro
2247 2648 2398 2679 suppletur,
2417 2655 2478 2680 sup-

1412 2684 1536 2743 plergtur
1555 2683 1709 2711 PACEIKM
1728 2691 1775 2716 pro
1794 2690 1831 2707 ex
1843 2685 2010 2707 sacramento
2029 2682 2108 2711 deest,
2124 2682 2149 2706 ei
2166 2690 2204 2707 ex
2221 2686 2388 2708 sacramento
2407 2684 2479 2708 dees-

1416 2723 1457 2744 set
1496 2737 1502 2743 .

1471 2754 1495 2786 v)
1514 2753 1672 2779 cantandae.
1684 2767 1703 2771 -
1721 2756 1846 2778 cantatae
1863 2752 2064 2782 BCDEFGIKL.
2085 2753 2267 2778 decantandae
2285 2753 2333 2778 Pa.

1473 2788 1496 2821 Ε)
1515 2789 1693 2820 accipiantur.
1704 2801 1723 2807 -
1740 2788 1890 2821 exigantur
1909 2788 1954 2812 Pa.

1473 2825 1499 2855 ο)
1518 2824 1704 2855 approbatam.
1717 2837 1737 2843 -
1754 2823 1903 2855 approbata
1921 2823 1974 2847 PH.

1473 2860 1502 2891 π)
1522 2859 1574 2884 iam
1593 2858 1644 2884 ius.
1657 2872 1674 2877 -
1693 2859 1746 2883 iam
1766 2859 1806 2883 ius
1824 2858 1904 2883 etiam
1923 2858 1974 2889 BF,
1994 2857 2035 2882 ius
2053 2857 2181 2883 PDIKLa.

1473 2895 1497 2927 ρ)
1518 2897 1671 2919 naturae.-
1690 2893 1716 2918 in
1741 2897 1854 2918 naturae
1879 2893 1952 2924 sCK;
1972 2893 2090 2918 aliter...
2111 2893 2146 2917 Et
2171 2893 2229 2918 ideo
2253 2901 2307 2918 om.
2326 2894 2379 2926 pC;
2398 2894 2478 2919 altero

1419 2930 1477 2954 loco
1497 2929 1523 2954 in
1543 2932 1657 2954 naturae
1673 2929 1775 2953 AlsCK.

969 3013 1299 3047 Commentaria.
1323 3014 1572 3048 cardinalis
1595 3015 1793 3048 Caietam

297 3101 355 3170 *IN
377 3097 509 3127 articulo
533 3095 685 3130 secundo,
701 3094 734 3124 in
757 3093 964 3134 responsione
987 3094 1027 3124 ad
1056 3094 1206 3134 primum,
1228 3094 1363 3125 dubium

336 3140 480 3177 occurrit,
496 3150 536 3170 an
559 3140 593 3170 in
607 3149 682 3170 casu
700 3138 819 3169 litterae
838 3148 904 3178 quo
924 3138 1051 3169 adultus
1074 3138 1107 3168 in
1123 3138 1256 3169 articulo
1279 3149 1364 3169 mor-

305 3186 344 3218 tis
369 3184 557 3216 constitutus
581 3183 707 3214 nullum
729 3183 822 3213 habet
844 3182 900 3223 qui
922 3182 998 3213 velit
1021 3191 1095 3213 eum
1119 3182 1275 3223 baptizare
1298 3183 1365 3213 sine

306 3229 450 3271 pecunia,
474 3228 584 3259 locum
606 3228 719 3258 habeat
741 3226 917 3266 redemptio
941 3226 1086 3266 propriae
1109 3226 1292 3257 vexationis.
1325 3227 1366 3257 Et

307 3281 353 3305 est
376 3273 456 3304 ratio
486 3272 574 3302 dubii
601 3271 690 3312 quia,
715 3271 740 3301 si
763 3270 807 3301 ibi
835 3270 945 3301 locum
978 3271 1088 3307 habet,
1112 3271 1254 3312 sequitur
1278 3271 1394 3312 quod

307 3318 390 3349 licite
418 3323 524 3357 potest
555 3316 627 3346 dare
651 3314 820 3355 pecuniam
846 3324 940 3345 avaro
970 3315 1123 3345 sacerdoti
1150 3322 1185 3345 ut
1212 3325 1286 3346 eum
1313 3316 1367 3345 ba·
1392 3291 1394 3335 i

1419 3095 1540 3125 solvere
1564 3104 1622 3134 pro
1639 3093 1903 3134 primogenitura;
1928 3100 1963 3124 ut
1985 3093 2017 3124 in
2034 3100 2090 3124 art.
2107 3103 2139 3133 4,
2157 3094 2195 3124 ad
2215 3095 2242 3130 3,
2266 3095 2361 3125 huius
2385 3105 2479 3136 quae-

1419 3138 1540 3174 stionis,
1560 3141 1682 3168 Auctor
1704 3138 1788 3168 dicit.

1475 3183 1512 3213 11.
1537 3183 1588 3212 Ad
1610 3182 1672 3212 hoc
1691 3182 1766 3212 dicit
1788 3182 1897 3212 Petrus
1914 3181 1951 3211 de
1975 3181 2103 3217 Palude,
2120 3181 2153 3211 in
2177 3182 2309 3219 Quarto,
2327 3183 2398 3213 dist.
2418 3193 2437 3212 v
2452 3182 2479 3219 *,
2507 3189 2515 3197 ·

1420 3233 1477 3258 art.
1504 3228 1520 3257 3
1537 3226 1563 3262 *,
1588 3226 1676 3266 quod
1700 3226 1751 3256 hic
1774 3236 1840 3256 non
1859 3226 1953 3256 babet
1976 3226 2085 3256 locum
2102 3226 2276 3266 redemptio
2296 3227 2478 3257 vexationis.
2507 3232 2517 3242 ⁸

1421 3270 1462 3301 Et
1483 3270 1562 3301 ratio
1584 3280 1641 3301 sua
1665 3277 1711 3301 est
1733 3269 1905 3300 differentia
1935 3269 2016 3300 inter
2038 3276 2210 3300 vexatores,
2243 3271 2326 3300 Nam
2349 3270 2480 3311 quidam

1422 3321 1495 3345 sunt
1526 3315 1582 3355 qui
1615 3314 1697 3345 facto
1727 3321 1862 3355 possunt
1891 3314 2016 3350 obesse,
2042 3321 2071 3344 et
2095 3313 2133 3343 de
2162 3313 2230 3344 iure
2253 3324 2318 3344 non
2346 3322 2481 3354 possunt

308 3362 420 3402 ptizet,
445 3371 511 3391 non
534 3360 670 3390 emendo
694 3359 898 3399 baptismum,
921 3359 976 3389 sed
999 3359 1184 3390 redimendo
1208 3369 1300 3390 suam
1315 3369 1367 3389 ve·
1393 3350 1394 3398 ἶ
1422 3359 1580 3399 prodesse.
1612 3359 1653 3389 Et
1681 3359 1720 3388 ab
1744 3358 1809 3389 istis
1832 3358 1954 3389 licitum
1978 3364 2025 3388 est
2051 3357 2202 3387 redimere
2227 3368 2318 3388 suam
2341 3358 2479 3389 vexatio-

307 3406 478 3437 urionem.
503 3405 543 3435 Et
566 3410 795 3444 consequenter
817 3412 884 3432 non
906 3403 998 3433 debet
1021 3403 1104 3433 mori
1126 3404 1245 3444 absque
1268 3403 1367 3443 bapn'-

309 3460 380 3480 smo
397 3449 547 3480 fluminis.
572 3447 673 3479 Cuius
697 3446 883 3487 oppositum
898 3446 930 3477 in
953 3447 1053 3478 littera
1068 3447 1192 3478 dicitur.
1208 3464 1230 3470 -
1245 3447 1278 3477 Si
1293 3457 1367 3477 vero

1393 3393 1395 3454 Ξ
1422 3412 1509 3433 nem:
1539 3409 1575 3433 ut
1601 3409 1687 3443 patet
1723 3412 1797 3433 cum
1827 3402 1897 3442 quis
1928 3402 2044 3432 electus
2071 3401 2103 3431 in
2137 3401 2323 3442 episcopum
2358 3402 2482 3433 redimit

1422 3457 1513 3477 suam
1536 3447 1733 3477 vexationem
1750 3457 1767 3476 a
1783 3445 2051 3486 perturbatoribus
2068 3445 2105 3475 de
2129 3444 2211 3476 facto
2239 3447 2294 3487 qui
2315 3446 2393 3477 nihil
2408 3457 2482 3487 pos·

309 3493 352 3524 ibi
376 3503 442 3524 non
460 3494 554 3524 habet
569 3493 688 3527 locum,
713 3491 831 3521 mirum
845 3490 936 3521 valde
952 3497 997 3521 est
1012 3501 1109 3532 quare
1125 3491 1277 3527 Abrahae,
1302 3501 1368 3521 non
1394 3502 1395 3531 χ
1422 3498 1496 3521 sunt
1510 3491 1587 3521 iuris
1603 3490 1754 3521 conferre.
1767 3508 1787 3513 -
1803 3490 1943 3527 Quidam
1957 3499 2032 3520 vero
2051 3496 2125 3519 sunt
2140 3489 2195 3530 qui
2210 3497 2241 3521 et
2255 3490 2337 3522 facto
2360 3492 2481 3527 obesse,

310 3537 452 3569 intanta
475 3537 665 3572 necessitate,
690 3535 778 3566 licuit
801 3534 953 3565 redimere
975 3535 1173 3565 vexationem
1192 3545 1283 3565 suam
1307 3535 1368 3565 sol-

1394 3555 1396 3581 ¹.
1422 3541 1453 3565 et
1474 3534 1542 3565 iure
1566 3535 1715 3575 prodesse
1739 3541 1883 3574 possunt.
1909 3534 1949 3564 Et
1972 3534 2009 3563 ab
2033 3533 2099 3564 istis
2123 3543 2188 3564 non
2211 3535 2283 3566 licet
2311 3535 2480 3566 redimere:

310 3582 414 3613 vendo
442 3582 550 3612 locum
580 3580 785 3621 sepulcri;,et
809 3579 902 3609 Iacob
924 3578 1014 3609 licuit
1040 3579 1102 3609 hoc
1125 3579 1239 3609 eodem
1269 3579 1368 3609 modo
1394 3585 1396 3619 ξ
1422 3585 1458 3609 ut
1481 3585 1566 3619 patet
1589 3579 1622 3608 in
1645 3579 1790 3618 exemplo
1815 3578 1888 3608 dato
1913 3584 2055 3618 respectu
2080 3576 2327 3616 confirmatoris;
2359 3589 2433 3610 nam
2457 3579 2482 3608 si

2476 405 2487 415 ⁸
2502 405 2527 425 1n
2542 409 2646 431 corpore.

2479 685 2489 694 ⁸
2503 683 2562 704 lbid.

2488 1430 2499 1441 ⁸
2513 1429 2579 1451 Vers.
2594 1435 2628 1451 22.

2521 1956 2663 1982 Innoe.1v‚
2684 1956 2707 1976 in

2498 1989 2548 2010 cap.
2563 1983 2617 2004 Cum
2628 1983 2652 2004 in
2657 1972 2707 2003 Ec-

2498 2010 2562 2083 2222?
2584 2009 2710 2061 affigat?

2498 2069 2504 2083 ι
2523 2068 2530 2083 ι

2502 2174 2509 2181 ”
2521 2171 2580 2192 Vide
2594 2171 2625 2192 1v
2636 2171 2710 2196 Sent„

2499 2198 2553 2219 dist.
2574 2204 2604 2224 n,
2625 2203 2665 2224 qu.
2692 2203 2710 2223 i,

2499 2229 2540 2246 art.
2562 2230 2585 2250 ι,
2619 2225 2646 2244 u*
2665 2229 2684 2244 2.
2702 2234 2711 2238 -

2499 2251 2536 2272 Cf.
2542 2250 2606 2278 Supp
2617 2256 2711 2277 em.,qu.

2503 2283 2559 2304 un,
2574 2280 2614 2298 art.
2630 2283 2650 2304 3.

2598 2314 2611 2338 ρ

2501 2481 2590 2509 Cap.
2612 2480 2667 2502 Cum
2689 2481 2713 2501 in

2503 2508 2632 2534 Ecclesiae
2644 2507 2673 2528 de
2680 2506 2714 2527 Si·

2503 2535 2590 2556 monia.
