2860 4244
36 943 250 1004 2333413&
277 951 380 994 patet
420 957 490 993 per
527 922 838 996 Philosophum,

967 244 1233 290 QUAESTIO
1264 245 1366 292 CllI,

1394 245 1690 282 ARTICULUS
1721 245 1771 282 lV
2382 247 2430 284 38
2440 259 2452 283 1

1062 397 1380 440 ARTICULUS
1411 397 1684 450 QUARTUS

902 498 1059 529 UTRUM
1082 499 1215 530 DULIA
1238 499 1415 530 HABEAT
1439 500 1645 531 DiVERsAs
1669 500 1838 532 SPECIES

1127 591 1157 615 111
1177 591 1263 619 Sent..
1282 591 1340 616 dist.
1360 598 1392 620 ix.
1411 598 1458 623 qu.
1475 597 1502 619 11,
1521 595 1569 616 art.
1588 598 1612 616 2.

308 703 339 736 Ι»,
343 702 371 737 „1
394 703 465 733 *aa
484 688 514 719 ’1)
529 693 702 724 QUARTUM
722 693 776 718 510
795 693 1038 719 paocamwa.
1059 682 1220 719 Videtur
1238 682 1370 732 quod

298 775 455 865 ᾖξ’,
428 775 458 829 '6
490 786 581 824 liam
616 787 719 825 enim
758 787 956 826 exhibetur
989 789 1115 825 honor
1150 788 1339 838 proximo.

378 834 431 867 Ψ»
447 832 654 878 &Diversa
686 848 814 878 autem
843 841 988 878 ratione
1020 842 1259 878 honorantur
1288 841 1340 878 di-

277 891 379 928 versi
415 893 600 940 proximi,
630 893 726 930 sicut
753 906 838 939 rex,
867 902 975 943 pater
1003 902 1039 930 et
1066 894 1263 942 magister:
1300 901 1342 930 ut

865 947 903 984 in
939 948 990 983 IX
1026 947 1146 983 Ethic.
1176 946 1197 968 ⁴
1239 946 1339 982 Cum

278 1009 369 1046 ergo
409 998 559 1036 diversa
596 999 690 1037 ratio
729 999 867 1036 obiecti
905 999 1136 1036 diversificet
1171 998 1339 1048 speciem

276 1050 436 1099 virtutis,
456 1052 610 1089 videtur
636 1052 742 1101 quod
771 1052 872 1090 dulia
900 1052 1090 1089 dividatur
1118 1052 1156 1088 in
1183 1052 1341 1088 virtutes

277 1103 404 1153 specie
433 1104 663 1142 differentes.

332 1168 367 1194 2.
398 1158 641 1206 Pmmm,
674 1157 846 1194 medium
876 1156 1001 1194 differt
1035 1157 1161 1206 specie
1195 1158 1242 1194 ab
1279 1169 1340 1194 ex—

276 1216 400 1247 tremo
426 1215 461 1246 ²:
491 1211 587 1249 sicut
622 1210 804 1259 pallidum
841 1210 889 1246 ab
925 1211 1012 1247 albo
1042 1218 1078 1247 et
1105 1210 1225 1258 nigro.
1263 1210 1340 1247 Sed
1366 1237 1368 1240 ι

264 1261 502 1311 hyperdulia
527 1263 679 1301 videtur
711 1275 794 1300 esse
822 1263 996 1300 medium
1020 1261 1035 1292 β
1062 1263 1159 1300 inter
1192 1263 1339 1300 latriam

277 1323 314 1352 et
333 1315 494 1354 duliam:
525 1317 724 1354 exhibetur
752 1316 853 1353 enim
874 1316 1053 1353 creaturis
1073 1328 1171 1365 quae
1198 1317 1340 1353 habent

275 1368 481 1418 specialem
499 1369 724 1407 affinitatem
744 1370 792 1407 ad
812 1371 952 1416 Deum,
973 1370 1069 1407 sicut
1096 1371 1238 1406 Beatae
1257 1370 1339 1407 Vir-

275 1421 352 1470 gini
375 1421 601 1472 inquantum
623 1431 679 1460 est
703 1430 825 1459 mater
843 1422 926 1460 Dei.
948 1423 1049 1471 Ergo
1064 1422 1215 1459 videtur
1234 1423 1340 1471 quod

275 1475 402 1513 duliae
431 1475 507 1513 sint
525 1476 672 1525 species
691 1475 927 1513 differentes:
956 1488 1034 1513 una
1053 1475 1207 1524 quidem
1238 1475 1340 1513 dulia

275 1527 505 1578 simpliciter,
535 1529 607 1566 alia
633 1541 727 1566 vero
757 1528 992 1577 hyperdulia.

331 1582 366 1619 3.
397 1582 638 1628 PRAETEREA,
668 1582 765 1619 sicut
798 1581 836 1618 in
870 1589 1042 1619 creatura
1078 1580 1250 1618 rationali
1285 1581 1339 1618 in-

273 1634 426 1672 venitur
453 1635 581 1683 imago
610 1635 694 1682 Dei,
725 1634 871 1671 ratione
900 1634 1008 1671 cuius
1039 1634 1260 1681 honoratur,
1291 1634 1341 1671 ita

275 1687 390 1726 etiam
419 1687 458 1725 in
486 1695 658 1725 creatura
685 1687 892 1725 irrationali
919 1686 1110 1724 invenitur
1135 1687 1339 1735 vestigium

273 1741 360 1779 Dei.
401 1741 479 1778 Sed
516 1741 590 1778 alia
618 1740 713 1778 ratio
749 1741 1002 1778 similitudinis
1038 1740 1266 1789 importatur
1301 1740 1339 1777 in

273 1794 433 1832 nornine
470 1794 665 1843 imaginis,
701 1801 737 1831 et
770 1794 807 1832 in
843 1794 1000 1831 nomine
1037 1793 1196 1841 vestigii.
1235 1794 1337 1841 Ergo

273 1847 390 1885 etiam
410 1855 562 1896 oportet
579 1847 792 1885 secundum
812 1847 887 1884 hoc
915 1847 1085 1885 diversas
1105 1846 1250 1895 species
1272 1847 1339 1885 du-

272 1900 346 1938 liae
374 1901 534 1939 attendi:
564 1901 788 1950 praesertim
816 1912 904 1937 curn
934 1899 1167 1948 quibusdam
1195 1899 1339 1952 irratio-
1366 1919 1367 1938 l

273 1954 463 1992 nubilibus
481 1959 498 1983 Υ
527 1954 707 1992 creaturis
743 1955 870 1991 honor
897 1953 1135 2000 exhibeatur,
1165 1948 1270 2018 sicut
1280 1951 1349 2007 ςζῖέ
1365 1945 1374 1982 l

273 2019 349 2056 gno
378 2015 531 2045 sanctae
560 2007 706 2054 Crucis,
736 2014 773 2044 et
801 2006 880 2044 aliis
908 1982 1142 2044 huiusmodi.
1255 2015 1296 2035 4
1299 1986 1379 2038 ''5‘1

327 2061 403 2098 San
422 2072 570 2099 CONTRA
594 2072 660 2098 as'r
688 2061 794 2109 quod
823 2060 923 2097 dulia
952 2067 1084 2097 contra
1110 2046 1266 2103 initiam
1282 2058 1377 2108 tii-j

271 2113 425 2152 viditur.
455 2114 583 2151 Latria
611 2121 740 2151 autem
769 2125 848 2150 non
877 2113 1056 2151 dividitur
1078 2113 1148 2161 per
1168 2112 1345 2167 diversas

271 2167 431 2218 species.
461 2168 564 2216 Ergo
594 2179 666 2204 nec
694 2166 807 2204 dulia.
1260 2177 1308 2213 ·-?.·

326 2221 553 2258 Responosso
578 2232 762 2257 mesanum
786 2220 892 2268 quod
927 2219 1030 2256 dulia
1058 2218 1184 2267 potest
1212 2215 1342 2275 accipi

342 734 358 778 ᾖξ’
410 726 461 776 ’ὲᾷ
492 733 594 772 dulia
621 735 761 772 habeat
790 734 959 771 diversas
983 734 1141 784 species.
1171 736 1246 772 Per
1274 735 1341 773 du·
1367 711 1370 785 1

1397 681 1604 730 dupliciter.
1644 682 1731 719 Uno
1769 684 1911 731 modo,
1942 684 2215 732 communiter,
2246 686 2457 723 seeundum

1396 735 1501 793 quod
1531 734 1682 771 exhibet
1701 736 1953 774 reverentiam
1974 737 2199 787 cuicumque
2218 737 2378 797 homini,
2399 750 2457 774 ra-

1395 787 1497 824 tione
1527 787 1801 836 cuiuscumque
1838 789 2090 826 excellentiae.
2130 791 2179 828 Et
2206 790 2259 827 sic
2292 790 2458 828 continet

1396 841 1467 877 sub
1497 852 1537 876 se
1565 840 1746 888 pietatem
1777 849 1812 878 et
1840 842 2136 891 observantiam,
2166 851 2202 880 et
2230 856 2455 892 quamcum-

1396 905 1470 952 que
1499 892 1720 930 huiusmodi
1748 894 1924 931 virtutem
1961 907 2060 943 quae
2097 896 2243 933 homini
2282 909 2456 934 reveren-

1394 946 1486 982 tiam
1516 945 1677 982 exhibet.
1716 947 1764 983 Et
1792 948 2004 984 secundum
2033 948 2108 984 1100
2142 949 2298 986 habebit
2331 957 2472 999 partes..

1395 998 1522 1047 specie
1552 998 1733 1035 diversas.

1447 1051 1534 1088 Alio
1565 1051 1684 1088 modo
1703 1059 1829 1100 potest
1848 1052 1966 1101 accipi
1984 1051 1998 1074 ὃ
2026 1053 2162 1100 stricte,
2192 1062 2305 1102 prout
2323 1067 2455 1092 secun-

1396 1104 1489 1141 dum
1518 1116 1605 1141 eam
1634 1116 1767 1141 servus
1801 1105 2054 1142 reverentiam
2092 1106 2240 1143 exhibet
2277 1108 2454 1145 domino:

1395 1170 1485 1194 nam
1516 1157 1617 1194 dulia
1649 1158 1807 1194 servitus
1840 1158 1991 1205 dicitur,
2025 1166 2067 1195 ut
2103 1159 2244 1196 dictum
2275 1168 2329 1197 est
2347 1160 2378 1197 ²¹².
2408 1162 2457 1198 Et

1395 1210 1607 1247 secundum
1635 1211 1710 1247 hoe
1734 1223 1813 1247 non
1842 1211 2022 1248 dividitur
2040 1211 2079 1248 in
2106 1212 2274 1249 diversas
2298 1213 2454 1262 species,

1395 1264 1462 1300 secl
1491 1271 1547 1300 est
1575 1275 1652 1300 una
1681 1263 1894 1312 specierum
1923 1265 2199 1312 observantiae,
2220 1278 2336 1314 quam
2365 1267 2457 1303 Tul-

1394 1316 1464 1353 lius
1492 1316 1657 1365 ponit*:
1689 1329 1735 1352 eo
1765 1317 1869 1365 quod
1898 1317 1970 1354 alia
2003 1317 2147 1355 ratione
2180 1331 2314 1356 servus
2351 1331 2457 1356 reve-

1395 1377 1498 1407 retur
1530 1369 1749 1416 dominum,
1780 1370 1888 1406 miles
1917 1370 2075 1418 ducem,
2106 1371 2310 1420 discipulus
2338 1373 2455 1420 magi-

1394 1430 1525 1469 strum,
1556 1430 1592 1458 et
1620 1422 1672 1458 sic
1701 1422 1748 1459 de
1777 1422 1857 1459 aliis
1885 1423 2117 1461 huiusmodi.

1446 1477 1506 1512 An
1535 1486 1671 1512 PR1MUM
1700 1486 1798 1512 ERGO
1827 1487 2010 1513 1110οΝ1)οΜ
2031 1477 2136 1524 quod
2165 1477 2258 1514 ratio
2287 1477 2347 1515 illa
2366 1491 2455 1527 pro-

1395 1527 1494 1565 cedit
1522 1528 1570 1565 de
1599 1527 1702 1564 dulia
1722 1529 1978 1565 communiter
2005 1537 2168 1578 sumpta.

1447 1583 1506 1618 AD
1531 1592 1722 1618 SECUNDUM
1742 1593 1926 1618 111οΕΝοοΜ
1946 1582 2050 1630 quod
2069 1583 2294 1631 hyperdulia
2313 1591 2369 1620 est
2387 1595 2456 1632 po-

1393 1633 1539 1671 tissima
1557 1633 1703 1682 species
1729 1634 1854 1670 duliae
1875 1635 2129 1672 communiter
2157 1644 2342 1684 sumptae.
2372 1637 2456 1674 Ma-

1393 1687 1496 1724 xima
1516 1686 1618 1723 enim
1639 1687 1852 1724 reverentia
1872 1687 2031 1724 debetur
2049 1688 2194 1726 homini
2210 1701 2255 1725 ex
2276 1689 2456 1727 affinitate

1394 1752 1510 1789 quam
1538 1740 1655 1776 habet
1683 1739 1732 1777 ad
1760 1741 1900 1777 Deum.

1447 1795 1506 1830 Αι)
1525 1805 1686 1830 TERTIUM
1705 1805 1890 1830 mCENDUM
1909 1794 2014 1842 quod
2041 1801 2232 1831 creaturae
2252 1794 2456 1831 irrationali

1366 1879 1367 1890 ,
1392 1846 1431 1883 in
1459 1859 1499 1883 se
1520 1846 1779 1883 consideratae
1798 1858 1877 1883 non
1906 1847 2065 1883 debetur
2083 1847 2131 1884 ab
2151 1847 2308 1884 homine
2332 1848 2457 1897 aliqua

1394 1899 1578 1936 subiectio
1599 1900 1660 1936 vel
1681 1900 1821 1936 honor.
1852 1899 1944 1948 quin
1962 1900 2088 1948 potius
2108 1900 2233 1937 omnis
2252 1900 2334 1937 talis
2354 1913 2456 1938 crea-

1393 1959 1476 1992 tura
1496 1960 1552 1990 est
1570 1952 1788 1989 naturaliter
1805 1952 1952 1990 homini
1981 1953 2160 1991 subiecta.
2191 1953 2309 2000 Quod
2328 1961 2456 1991 autem

1365 2034 1367 2050 1
1394 2016 1485 2043 crux
1518 2004 1656 2043 Christi
1691 2006 1921 2048 honoretur
1951 2006 2026 2042 hoc
2053 2006 2096 2043 fit
2133 2006 2272 2043 eodem
2309 2007 2456 2044 honore

1393 2065 1490 2111 quo
1509 2058 1680 2100 Christus
1717 2059 1929 2096 honoratur
1950 2058 1986 2095 *ε
2025 2059 2119 2096 sicut
2154 2071 2322 2108 purpura
2359 2061 2456 2109 regis

1392 2110 1602 2151 honoratur
1621 2111 1761 2148 eodem
1776 2113 1925 2149 honore
1945 2124 2022 2161 quo
2038 2125 2115 2160 rex,
2131 2120 2172 2149 ut
2191 2114 2455 2151 Damascenus

1394 2164 1495 2212 dicit,
1506 2165 1571 2225 -in
1592 2165 1644 2202 IV
1671 2164 1814 2202 libro*.

326 2352 354 2385 α)
374 2355 506 2377 extremo.
523 2365 543 2371 -
560 2351 690 2377 extremis
712 2350 844 2383 PDpCsK.
1186 2342 1196 2361 '³⁷
1214 2358 1223 2372 vz
1244 2336 1254 2365 Ϊ
1273 2379 1277 2382 ,
1349 2350 1374 2417 1
1434 2349 1485 2411 g)
1489 2349 1734 2375 irrationabilibus.
1750 2363 1769 2368 -
1787 2349 1988 2374 irrationalibus
2002 2350 2031 2374 B.

326 2385 352 2420 β)
372 2387 496 2416 medium,
514 2401 533 2406 -
552 2387 640 2412 media
659 2386 746 2411 BIKL.
1271 2397 1275 2400 ·
1340 2390 1342 2392 ·
1462 2385 1473 2418 )
1492 2385 1588 2417 accipi.
1605 2399 1620 2404 -
1639 2385 1709 2410 sumi
1726 2385 1773 2410 Pa.

950 2484 1286 2516 Commentarius
1309 2482 1560 2516 cardinalis
1583 2482 1784 2515 Caietam

278 2580 466 2654 111011101110
479 2587 593 2631 quarto
610 2580 752 2611 eiusdem
764 2580 958 2621 quaestionis
973 2579 1271 2611 centesimaetertiae
1281 2580 1340 2610 du-

304 2624 394 2656 bium
418 2625 563 2662 occurrit,
579 2625 735 2665 quoniam
751 2627 873 2655 Auctor
894 2624 1019 2655 videtur
1042 2624 1161 2655 oblitus
1184 2624 1243 2661 sui,
1261 2624 1340 2655 dum

273 2668 367 2700 hoc
358 2679 392 2699 1n
415 2668 489 2699 loco
512 2669 604 2709 ponit
627 2669 859 2700 observantiam
882 2679 950 2699 esse
972 2669 1122 2699 virtutem
1144 2668 1339 2719 genericatn,
1366 2669 1367 2698 l

273 2713 410 2744 dicendo
434 2713 524 2753 quod
552 2713 642 2744 dulia
672 2718 720 2744 est
742 2723 808 2743 una
831 2714 1007 2753 specierum
1032 2713 1273 2744 observantiae:
1307 2713 1340 2743 in
1366 2740 1367 2750 2

272 2757 378 2798 primo
402 2763 509 2788 autem
532 2757 666 2787 articulo
689 2756 885 2797 quaestionis
907 2757 1137 2797 praecedentis,
1163 2767 1199 2787 ex
1222 2766 1341 2797 propo-

273 2802 334 2833 sito
350 2801 459 2842 posuit
474 2801 707 2832 observantiam
723 2810 790 2832 esse
804 2801 954 2832 virtutem
969 2801 1149 2841 specialem,
1163 2800 1341 2831 distinctam

274 2852 384 2878 contra
407 2845 566 2886 pietatem,
591 2844 778 2885 religionem
801 2852 831 2876 et
853 2845 1015 2876 iustitiam.

329 2890 380 2921 Ad
403 2889 466 2920 hoc
496 2889 610 2920 dicitur
639 2889 729 2930 quod
751 2892 873 2920 Auctor
905 2899 971 2919 non
1001 2888 1078 2919 dixit
1107 2888 1341 2919 observantiam

274 2944 341 2965 esse
363 2933 514 2965 virtutem
537 2933 706 2975 specialem
729 2933 832 2973 specie
856 2932 1091 2973 specialissima.
1111 2932 1165 2962 Sat
1188 2932 1273 2962 enim
1297 2939 1343 2962 est
1367 2944 1368 2966 ς

273 2978 398 3009 intento
421 2988 481 3008 suo
505 2977 595 3018 quod
618 2977 671 3013 sit*
688 2977 831 3017 specialis
861 2977 964 3017 specie
988 2976 1175 3007 subalterna.
1206 2976 1247 3006 Et
1279 2976 1341 3006 hoc
1367 2978 1368 3000 ἲ

273 3021 514 3054 ἰδί.ἰῐ1511111ονἰῑ
544 3021 678 3052 dicendo
706 3021 795 3062 quod
819 3021 858 3051 ad
887 3020 1120 3051 observantiam
1148 3026 1268 3060 spectat
1290 3030 1342 3050 ve-
1367 3014 1368 3052 ἦ

274 3066 375 3097 nerari
398 3066 586 3106 principem,
611 3066 726 3096 ducem
748 3075 784 3096 ac
811 3065 1007 3105 magistrum,
1031 3074 1114 3105 quos
1144 3064 1265 3094 diversa
1294 3074 1341 3094 ra-

274 3111 362 3142 tione
385 3117 508 3141 constat
530 3109 691 3140 honorari.

331 3155 370 3185 11.
394 3155 455 3185 Sed
478 3161 555 3185 tunc
580 3154 749 3194 insurgunt
778 3153 875 3184 dubia
903 3153 978 3184 duo.
1009 3152 1153 3183 Primum
1181 3159 1227 3183 est
1252 3152 1342 3193 quod

274 3199 364 3230 nulla
379 3199 547 3229 haberetur
562 3198 690 3238 propria
709 3197 808 3228 virtus
824 3197 864 3228 ad
883 3196 1005 3228 cultum
1021 3196 1234 3227 exhibendum
1258 3196 1342 3236 prin·
1367 3214 1369 3229 4

275 3243 399 3284 cipibus
423 3242 554 3273 nostris:
578 3242 654 3283 quia
677 3241 872 3272 observantia
896 3251 997 3281 genus
1017 3247 1062 3272 est
1077 3241 1116 3271 ad
1136 3250 1249 3271 omnes
1272 3250 1342 3281 spe·
1368 3262 1369 3274 ¹

276 3287 348 3324 cies,
373 3297 511 3328 quarum
534 3286 594 3316 alia
617 3286 772 3326 princeps,
797 3285 856 3316 alia
881 3285 953 3322 dux,
979 3291 1047 3322 010.,
1073 3285 1197 3316 colitur.

331 3331 515 3363 Secundum
540 3337 586 3361 est
609 3330 698 3371 quod
721 3330 808 3360 nulla
825 3336 905 3360 esset
920 3330 1039 3370 species
1063 3329 1279 3360 observantiae
1302 3329 1343 3359 ad

277 3386 375 3417 quarn
398 3375 568 3417 pertineret
583 3374 723 3405 venerari
747 3374 913 3405 hominem
936 3380 1066 3414 propter
1088 3373 1238 3404 virtutem
1262 3372 1340 3403 eius.

276 3419 318 3451 Et
341 3426 387 3451 est
409 3419 489 3451 ratio
513 3419 660 3460 sequelae
690 3418 765 3459 quia
788 3418 820 3448 in
844 3417 946 3448 littera
968 3417 1052 3448 illius
1076 3417 1215 3453 articuli,
1240 3416 1271 3446 in
1296 3426 1342 3446 re-

277 3463 452 3504 sponsione
475 3464 515 3494 ad
538 3463 729 3499 secundum,
754 3462 868 3492 dicitur
890 3462 980 3502 quod
1003 3461 1072 3492 talis
1097 3461 1201 3492 cultus
1223 3466 1370 3507 spectat

277 3507 322 3538 ad
343 3508 475 3540 eandem
501 3509 660 3539 virtutem
692 3506 753 3537 Sed
770 3506 857 3536 nulla
873 3512 920 3536 est
935 3505 1046 3536 eadem
1069 3505 1101 3535 in
1125 3505 1228 3545 specie
1244 3504 1343 3535 virtus
1368 3525 1370 3542 ,

279 3551 387 3583 0010115
410 3562 521 3583 01111105
545 3552 577 3582 111
602 3550 752 3592 dignitate
774 3549 973 3581 constitutos.
998 3550 1083 3589 Ergo
1099 3549 1188 3579 nulla
1211 3559 1274 3579 una
1298 3559 1343 3579 se—

1366 2796 1368 2811 l

1392 2580 1535 2610 cundum
1559 2579 1698 2620 speciem
1721 2579 1820 2610 virtus
1841 2586 1887 2610 est
1910 2579 2000 2610 cuius
2016 2579 2056 2610 sit
2070 2579 2173 2610 colere
2195 2578 2361 2609 hominem
2383 2589 2455 2618 pro-

1393 2631 1463 2664 pter
1483 2623 1634 2654 virtutem
1657 2624 1750 2654 illius.

1450 2668 1502 2698 111.
1535 2668 1597 2699 Sed
1626 2668 1767 2708 primum
1796 2667 1914 2698 horum
1944 2667 2024 2697 solvi
2051 2673 2172 2706 potest,
2197 2667 2318 2707 primo,
2343 2676 2455 2697 conce-

1366 2713 1499 2742 dendo
1529 2712 1618 2752 quod
1642 2712 1730 2742 nulla
1753 2711 1930 2752 specierum
1961 2711 2177 2741 observantiae
2201 2717 2247 2741 est
2273 2710 2454 2746 nominata,

1366 2753 1367 2781 l
1394 2756 1454 2786 nisi
1478 2756 1563 2786 dulia
1587 2762 1617 2786 et
1640 2755 1846 2796 hyperdulia..
1860 2772 1881 2777 -
1905 2755 2070 2792 Secundo,
2095 2754 2229 2785 dicendo
2259 2755 2348 2795 quod
2375 2754 2456 2784 sicut

1393 2799 1557 2840 dispositio
1581 2806 1627 2830 est
1650 2809 1768 2830 nomen
1787 2798 1969 2839 genericum
1992 2799 2031 2828 ad
2053 2799 2198 2829 habiturn
2222 2805 2252 2828 et
2275 2798 2456 2838 dispositio—

1366 2842 1368 2863 ῑ
1395 2854 1479 2880 11011-1,
1505 2850 1535 2874 et
1558 2850 1605 2873 est
1620 2853 1740 2874 nomen
1756 2842 1940 2883 specificum
1959 2842 2175 2882 dispositionis
2195 2842 2358 2873 distinctae
2381 2852 2456 2873 con-

1367 2889 1368 2908 ³
1394 2895 1440 2918 tra
1463 2887 1623 2923 habitum;
1648 2887 1690 2918 ita
1705 2887 1908 2918 observantia
1925 2893 1955 2917 et
1971 2893 2017 2917 est
2032 2896 2151 2917 nornen
2170 2886 2352 2926 genericum
2369 2896 2455 2917 com-

1395 2942 1493 2962 mune
1517 2932 1556 2961 ad
1579 2941 1692 2962 omnes
1714 2931 1930 2962 observantiae
1950 2930 2080 2971 species,
2096 2937 2127 2961 et
2150 2938 2196 2962 est
2218 2930 2314 2961 etiam
2337 2940 2455 2961 nomen

1395 2975 1579 3016 specificum
1602 2975 1687 3005 illius
1716 2975 1830 3015 speciei
1859 2985 1922 3016 qua
1946 2975 2060 3005 colitur
2082 2982 2177 3015 caput
2206 2974 2347 3005 civitatis
2371 2992 2392 2997 -
2416 2974 2458 3005 Et

1394 3020 1469 3060 quia
1493 3020 1532 3049 de
1555 3019 1739 3050 nominibus
1755 3019 1899 3060 quaestio
1923 3019 1999 3050 haec
2017 3026 2073 3055 est,
2091 3018 2154 3049 sive
2178 3018 2221 3049 sic
2236 3019 2276 3049 sit
2292 3018 2356 3049 sive
2379 3028 2456 3055 non,

1395 3063 1483 3104 parvi
1506 3063 1610 3094 refert.

1450 3107 1596 3138 Secunda
1610 3113 1718 3138 autem
1736 3106 1891 3137 dubitatio
1908 3106 2041 3137 solvitur
2062 3106 2197 3137 dicendo
2213 3107 2312 3147 quod,
2329 3106 2456 3147 proprie

1367 3144 1369 3162 ³
1393 3151 1569 3192 loquendo,
1586 3151 1743 3182 honorare
1766 3151 1932 3181 hominem
1947 3157 2076 3191 propter
2090 3151 2239 3182 virtutem
2263 3161 2326 3191 qua
2342 3150 2456 3190 dignus

1395 3203 1442 3227 est
1464 3196 1597 3232 ducatu,
1623 3202 1742 3236 spectat
1772 3195 1810 3225 ad
1841 3195 1930 3225 illam
1962 3194 2177 3226 observantiae
2205 3195 2343 3234 speciem
2366 3194 2456 3224 cuius

1395 3247 1442 3271 est
1466 3240 1568 3271 colere
1591 3240 1721 3275 ducem;
1746 3246 1776 3270 et
1795 3239 1958 3269 honorare
1971 3238 2136 3269 hominem
2160 3245 2289 3278 propter
2307 3238 2456 3269 virtutem

1368 3309 1369 3332 }
1395 3294 1459 3325 qua
1482 3284 1596 3324 dignus
1621 3290 1667 3314 est
1690 3290 1725 3314 ut
1748 3283 1787 3314 sit
1811 3290 1906 3323 caput
1921 3282 2061 3319 civitatis,
2077 3283 2211 3323 pertinet
2234 3283 2273 3312 ad
2289 3282 2376 3312 illam
2399 3282 2455 3312 ob-

1396 3328 1568 3359 servantiae
1598 3327 1736 3368 speciem
1763 3337 1845 3368 quae
1873 3326 1948 3358 colit
1978 3333 2073 3366 caput
2103 3326 2252 3363 civitatis;
2281 3333 2311 3357 et
2341 3326 2385 3357 sic
2418 3326 2456 3356 de

1396 3372 1473 3403 aliis.
1493 3372 1535 3403 Et
1558 3372 1601 3402 sic
1625 3381 1749 3412 semper
1771 3370 1948 3402 verificatur
1971 3370 2090 3401 dictum
2109 3370 2256 3401 Auctoris
2276 3370 2365 3410 quod
2387 3379 2456 3410 spe-

1397 3421 1486 3447 ctant
1507 3416 1551 3447 ad
1566 3416 1698 3446 eandem
1715 3417 1874 3452 virtutem,
1894 3415 1934 3445 ad
1957 3424 2055 3454 quam
2077 3414 2193 3444 scilicet
2216 3420 2335 3455 spectat
2355 3414 2457 3444 colere

1368 3458 1488 3490 illum
1512 3460 1672 3500 dignitatis
1696 3466 1822 3490 statum.
1847 3459 1888 3489 Et
1909 3458 2064 3498 quoniam
2081 3458 2168 3488 nulla
2192 3465 2237 3489 est
2252 3458 2351 3488 virtus
2375 3467 2457 3498 quae

1397 3514 1463 3534 non
1487 3503 1629 3534 habilitet
1651 3503 1817 3534 hominem
1840 3503 1879 3532 ad
1902 3502 2040 3543 aliquem
2064 3502 2222 3542 dignitatis
2249 3508 2383 3538 statum,
2407 3502 2457 3532 vel

1398 3548 1511 3579 saltem
1533 3548 1573 3578 ad
1596 3547 1687 3578 illurn
1711 3546 1822 3577 referat
1838 3553 1874 3577 ut
1896 3546 2074 3577 adiutorem
2096 3546 2147 3577 vel
2169 3545 2359 3582 ministrum,
2380 3553 2455 3582 etc.;

2484 1173 2494 1183 ⁶
2508 1173 2561 1195 Art.
2574 1179 2596 1202 3.

2484 1327 2494 1337 ·
2500 1327 2536 1349 De
2542 1327 2631 1348 lavent.
2637 1327 2697 1349 Rhe-

2483 1355 2535 1402 ffi.
2549 1353 2590 1376 lib.
2600 1354 2629 1379 11,
2646 1360 2696 1381 cap.

2482 2071 2492 2081 ⁸
2508 2070 2537 2092 D.
2550 2070 2586 2099 83.

2482 2157 2542 2179 'De
2553 2156 2614 2179 Fide
2624 2157 2692 2179 Orth.

2482 2183 2522 2206 lib.
2537 2183 2578 2212 tv,
2593 2189 2643 2212 esp.
2658 2190 2692 2206 ιιι.
