<?xml version="1.0" encoding="UTF-8"?>
<!DOCTYPE html PUBLIC "-//W3C//DTD XHTML 1.0 Transitional//EN"
    "http://www.w3.org/TR/xhtml1/DTD/xhtml1-transitional.dtd">
<html xmlns="http://www.w3.org/1999/xhtml" xml:lang="en" lang="en">
 <head>
  <title>
</title>
<meta http-equiv="Content-Type" content="text/html;charset=utf-8" />
  <meta name='ocr-system' content='tesseract 3.04.00' />
  <meta name='ocr-capabilities' content='ocr_page ocr_carea ocr_par ocr_line ocrx_word'/>
</head>
<body>
  <div class='ocr_page' id='page_1' title='image "./operaomniaiussui09thom/operaomniaiussui09thom_0355.png"; bbox 0 0 2860 4244; ppageno 0'>
   <div class='ocr_carea' id='block_1_1' title="bbox 40 865 243 916">
    <p class='ocr_par' dir='ltr' id='par_1_1' title="bbox 40 865 243 916">
     <span class='ocr_line' id='line_1_1' title="bbox 40 865 243 916; baseline -0.005 -5"><span class='ocrx_word' id='word_1_1' title='bbox 40 894 42 898; x_wconf 47' lang='lat'>⁸</span> <span class='ocrx_word' id='word_1_2' title='bbox 58 865 147 911; x_wconf 45' lang='lat' dir='ltr'>..avem</span> <span class='ocrx_word' id='word_1_3' title='bbox 164 892 193 916; x_wconf 84' lang='lat'>15,</span> <span class='ocrx_word' id='word_1_4' title='bbox 211 886 243 910; x_wconf 82' lang='lat'>16.</span> 
     </span>
    </p>
   </div>
   <div class='ocr_carea' id='block_1_2' title="bbox 146 1293 238 1331">
    <p class='ocr_par' dir='ltr' id='par_1_2' title="bbox 146 1293 238 1331">
     <span class='ocr_line' id='line_1_2' title="bbox 146 1293 238 1311; baseline 0.011 -1"><span class='ocrx_word' id='word_1_5' title='bbox 146 1303 155 1311; x_wconf 61' lang='lat' dir='ltr'>r.</span> <span class='ocrx_word' id='word_1_6' title='bbox 210 1293 238 1311; x_wconf 67' lang='lat' dir='ltr'>v-,l</span> 
     </span>
     <span class='ocr_line' id='line_1_3' title="bbox 158 1313 175 1331; baseline 0 0"><span class='ocrx_word' id='word_1_7' title='bbox 158 1313 175 1331; x_wconf 72' lang='lat' dir='ltr'>C</span> 
     </span>
    </p>
   </div>
   <div class='ocr_carea' id='block_1_3' title="bbox 0 570 107 3676">
    <p class='ocr_par' dir='ltr' id='par_1_3' title="bbox 0 570 107 3676">
     <span class='ocr_line' id='line_1_4' title="bbox 0 570 107 3676; baseline 0 0"><span class='ocrx_word' id='word_1_8' title='bbox 0 570 107 3676; x_wconf 95' lang='lat' dir='ltr'> </span> 
     </span>
    </p>
   </div>
   <div class='ocr_carea' id='block_1_4' title="bbox 75 1420 248 1450">
    <p class='ocr_par' dir='ltr' id='par_1_4' title="bbox 75 1420 248 1450">
     <span class='ocr_line' id='line_1_5' title="bbox 75 1420 248 1450; baseline 0 -6"><span class='ocrx_word' id='word_1_9' title='bbox 75 1420 153 1445; x_wconf 53' lang='grc' dir='ltr'><strong>Μ’...</strong></span> <span class='ocrx_word' id='word_1_10' title='bbox 167 1421 183 1444; x_wconf 75' lang='lat'><strong>⁸</strong></span> <span class='ocrx_word' id='word_1_11' title='bbox 196 1425 248 1450; x_wconf 63' lang='grc' dir='ltr'>ης.</span> 
     </span>
    </p>
   </div>
   <div class='ocr_carea' id='block_1_5' title="bbox 66 1601 254 1631">
    <p class='ocr_par' dir='ltr' id='par_1_5' title="bbox 56 1601 254 1642">
     <span class='ocr_line' id='line_1_6' title="bbox 66 1601 254 1631; baseline 0.011 -1.894"><span class='ocrx_word' id='word_1_12' title='bbox 66 1617 85 1623; x_wconf 87' lang='lat'>-·</span> <span class='ocrx_word' id='word_1_13' title='bbox 92 1601 254 1631; x_wconf 37' lang='lat' dir='ltr'>Vhtu-§wa</span> 
     </span>
    </p>
   </div>
   <div class='ocr_carea' id='block_1_6' title="bbox 51 1985 202 2022">
    <p class='ocr_par' dir='ltr' id='par_1_6' title="bbox 51 1985 202 2022">
     <span class='ocr_line' id='line_1_7' title="bbox 51 1985 202 2022; baseline 0 -1"><span class='ocrx_word' id='word_1_14' title='bbox 51 1985 57 2019; x_wconf 46' lang='lat'>⁴.</span> <span class='ocrx_word' id='word_1_15' title='bbox 86 1996 154 2022; x_wconf 64' lang='lat' dir='ltr'>Vm.</span> <span class='ocrx_word' id='word_1_16' title='bbox 168 2005 202 2022; x_wconf 85' lang='grc' dir='ltr'>ιο.</span> 
     </span>
    </p>
   </div>
   <div class='ocr_carea' id='block_1_7' title="bbox 67 2096 210 2129">
    <p class='ocr_par' dir='ltr' id='par_1_7' title="bbox 67 2096 210 2129">
     <span class='ocr_line' id='line_1_8' title="bbox 67 2096 210 2129; baseline -0.007 -5"><span class='ocrx_word' id='word_1_17' title='bbox 67 2096 210 2129; x_wconf 44' lang='lat' dir='ltr'>‘Art-aff».</span> 
     </span>
    </p>
   </div>
   <div class='ocr_carea' id='block_1_8' title="bbox 970 279 1793 328">
    <p class='ocr_par' dir='ltr' id='par_1_8' title="bbox 970 279 1793 328">
     <span class='ocr_line' id='line_1_9' title="bbox 970 279 1793 328; baseline 0.004 -13"><span class='ocrx_word' id='word_1_18' title='bbox 970 279 1238 325; x_wconf 88' lang='lat' dir='ltr'>QUAESTIO</span> <span class='ocrx_word' id='word_1_19' title='bbox 1268 281 1390 328; x_wconf 90' lang='lat' dir='ltr'>XCV,</span> <span class='ocrx_word' id='word_1_20' title='bbox 1419 281 1715 318; x_wconf 89' lang='lat' dir='ltr'>ARTICULUS</span> <span class='ocrx_word' id='word_1_21' title='bbox 1744 281 1793 318; x_wconf 91' lang='lat' dir='ltr'>Vl</span> 
     </span>
    </p>
   </div>
   <div class='ocr_carea' id='block_1_9' title="bbox 2395 283 2467 320">
    <p class='ocr_par' dir='ltr' id='par_1_9' title="bbox 2395 283 2467 320">
     <span class='ocr_line' id='line_1_10' title="bbox 2395 283 2467 320; baseline 0 0"><span class='ocrx_word' id='word_1_22' title='bbox 2395 283 2467 320; x_wconf 83' lang='lat'>323</span> 
     </span>
    </p>
   </div>
   <div class='ocr_carea' id='block_1_10' title="bbox 768 425 1998 554">
    <p class='ocr_par' dir='ltr' id='par_1_10' title="bbox 768 425 1998 554">
     <span class='ocr_line' id='line_1_11' title="bbox 1107 425 1661 469; baseline 0.007 -4"><span class='ocrx_word' id='word_1_23' title='bbox 1107 425 1424 468; x_wconf 88' lang='lat' dir='ltr'>ARTICULUS</span> <span class='ocrx_word' id='word_1_24' title='bbox 1454 426 1661 469; x_wconf 89' lang='lat' dir='ltr'>SEXTUS</span> 
     </span>
     <span class='ocr_line' id='line_1_12' title="bbox 768 515 1998 554; baseline 0.004 -8"><span class='ocrx_word' id='word_1_25' title='bbox 768 515 923 547; x_wconf 85' lang='lat' dir='ltr'><strong>UTRUM</strong></span> <span class='ocrx_word' id='word_1_26' title='bbox 946 516 1169 547; x_wconf 82' lang='lat' dir='ltr'>DIVINATIO</span> <span class='ocrx_word' id='word_1_27' title='bbox 1194 517 1312 554; x_wconf 80' lang='lat' dir='ltr'><strong>QUAE</strong></span> <span class='ocrx_word' id='word_1_28' title='bbox 1336 518 1407 548; x_wconf 84' lang='lat' dir='ltr'>FIT</span> <span class='ocrx_word' id='word_1_29' title='bbox 1429 519 1512 549; x_wconf 85' lang='lat' dir='ltr'>PER</span> <span class='ocrx_word' id='word_1_30' title='bbox 1535 519 1697 550; x_wconf 79' lang='lat' dir='ltr'>SOMNIA</span> <span class='ocrx_word' id='word_1_31' title='bbox 1721 519 1787 550; x_wconf 88' lang='lat' dir='ltr'>s1T</span> <span class='ocrx_word' id='word_1_32' title='bbox 1811 519 1998 551; x_wconf 82' lang='lat' dir='ltr'>ILLICITA</span> 
     </span>
    </p>
   </div>
   <div class='ocr_carea' id='block_1_11' title="bbox 1191 595 1589 629">
    <p class='ocr_par' dir='ltr' id='par_1_11' title="bbox 1191 595 1589 629">
     <span class='ocr_line' id='line_1_13' title="bbox 1191 595 1589 629; baseline 0.005 -10"><span class='ocrx_word' id='word_1_33' title='bbox 1191 595 1221 619; x_wconf 89' lang='lat'>111</span> <span class='ocrx_word' id='word_1_34' title='bbox 1243 596 1320 626; x_wconf 72' lang='lat' dir='ltr'>Cont.</span> <span class='ocrx_word' id='word_1_35' title='bbox 1341 597 1427 626; x_wconf 65' lang='lat' dir='ltr'>Geni„</span> <span class='ocrx_word' id='word_1_36' title='bbox 1447 604 1503 629; x_wconf 91' lang='lat' dir='ltr'>cap.</span> <span class='ocrx_word' id='word_1_37' title='bbox 1522 604 1589 622; x_wconf 77' lang='lat' dir='ltr'>cuv.</span> 
     </span>
    </p>
   </div>
   <div class='ocr_carea' id='block_1_12' title="bbox 297 673 1362 922">
    <p class='ocr_par' dir='ltr' id='par_1_12' title="bbox 297 673 1362 922">
     <span class='ocr_line' id='line_1_14' title="bbox 384 673 1358 722; baseline 0 -11"><span class='ocrx_word' id='word_1_38' title='bbox 384 691 389 700; x_wconf 58' lang='grc' dir='ltr'>ι</span> <span class='ocrx_word' id='word_1_39' title='bbox 417 702 444 717; x_wconf 49' lang='lat'>‚1</span> <span class='ocrx_word' id='word_1_40' title='bbox 480 695 483 701; x_wconf 75' lang='lat'><em>‹</em></span> <span class='ocrx_word' id='word_1_41' title='bbox 509 683 532 709; x_wconf 83' lang='lat' dir='ltr'>D</span> <span class='ocrx_word' id='word_1_42' title='bbox 560 683 701 709; x_wconf 72' lang='lat' dir='ltr'>snx&#39;rum</span> <span class='ocrx_word' id='word_1_43' title='bbox 725 684 779 709; x_wconf 79' lang='lat' dir='ltr'>stc</span> <span class='ocrx_word' id='word_1_44' title='bbox 801 684 1040 710; x_wconf 71' lang='lat' dir='ltr'>PRocanun.</span> <span class='ocrx_word' id='word_1_45' title='bbox 1066 673 1225 711; x_wconf 86' lang='lat' dir='ltr'>Videtur</span> <span class='ocrx_word' id='word_1_46' title='bbox 1254 675 1358 722; x_wconf 92' lang='lat' dir='ltr'>quod</span> 
     </span>
     <span class='ocr_line' id='line_1_15' title="bbox 366 722 1360 775; baseline 0.002 -13"><span class='ocrx_word' id='word_1_47' title='bbox 366 722 372 729; x_wconf 69' lang='lat'><em>⁶</em></span> <span class='ocrx_word' id='word_1_48' title='bbox 510 724 691 762; x_wconf 90' lang='lat' dir='ltr'>divinatio</span> <span class='ocrx_word' id='word_1_49' title='bbox 725 736 824 773; x_wconf 92' lang='lat' dir='ltr'>quae</span> <span class='ocrx_word' id='word_1_50' title='bbox 852 726 895 763; x_wconf 89' lang='lat' dir='ltr'>fit</span> <span class='ocrx_word' id='word_1_51' title='bbox 926 738 995 775; x_wconf 90' lang='lat' dir='ltr'>per</span> <span class='ocrx_word' id='word_1_52' title='bbox 1027 726 1174 763; x_wconf 90' lang='lat' dir='ltr'>somnia</span> <span class='ocrx_word' id='word_1_53' title='bbox 1207 739 1286 764; x_wconf 91' lang='lat' dir='ltr'>non</span> <span class='ocrx_word' id='word_1_54' title='bbox 1315 727 1360 764; x_wconf 91' lang='lat' dir='ltr'>sit</span> 
     </span>
     <span class='ocr_line' id='line_1_16' title="bbox 316 774 1359 831; baseline 0.004 -18"><span class='ocrx_word' id='word_1_55' title='bbox 316 807 325 831; x_wconf 35' lang='grc' dir='ltr'><em>ς</em></span> <span class='ocrx_word' id='word_1_56' title='bbox 491 774 646 814; x_wconf 87' lang='lat' dir='ltr'>illicita.</span> <span class='ocrx_word' id='word_1_57' title='bbox 666 777 729 815; x_wconf 91' lang='lat' dir='ltr'>Uti</span> <span class='ocrx_word' id='word_1_58' title='bbox 749 778 851 815; x_wconf 90' lang='lat' dir='ltr'>enim</span> <span class='ocrx_word' id='word_1_59' title='bbox 868 778 1112 816; x_wconf 89' lang='lat' dir='ltr'>instructione</span> <span class='ocrx_word' id='word_1_60' title='bbox 1135 779 1263 817; x_wconf 89' lang='lat' dir='ltr'>divina</span> <span class='ocrx_word' id='word_1_61' title='bbox 1281 792 1359 817; x_wconf 92' lang='lat' dir='ltr'>non</span> 
     </span>
     <span class='ocr_line' id='line_1_17' title="bbox 332 822 1360 870; baseline 0.004 -4"><span class='ocrx_word' id='word_1_62' title='bbox 332 822 449 870; x_wconf 39' lang='lat'>&#39;233³‘</span> <span class='ocrx_word' id='word_1_63' title='bbox 465 822 494 862; x_wconf 35' lang='lat' dir='ltr'>X&lt;</span> <span class='ocrx_word' id='word_1_64' title='bbox 510 837 566 867; x_wconf 88' lang='lat' dir='ltr'>est</span> <span class='ocrx_word' id='word_1_65' title='bbox 592 829 772 868; x_wconf 91' lang='lat' dir='ltr'>illicitum.</span> <span class='ocrx_word' id='word_1_66' title='bbox 810 832 887 868; x_wconf 88' lang='lat' dir='ltr'>Sed</span> <span class='ocrx_word' id='word_1_67' title='bbox 914 832 952 869; x_wconf 89' lang='lat' dir='ltr'>in</span> <span class='ocrx_word' id='word_1_68' title='bbox 987 833 1146 870; x_wconf 91' lang='lat' dir='ltr'>somniis</span> <span class='ocrx_word' id='word_1_69' title='bbox 1182 833 1360 870; x_wconf 89' lang='lat' dir='ltr'>homines</span> 
     </span>
     <span class='ocr_line' id='line_1_18' title="bbox 297 882 1362 922; baseline 0.005 -4"><span class='ocrx_word' id='word_1_70' title='bbox 297 882 530 919; x_wconf 88' lang='lat' dir='ltr'>instruuntur</span> <span class='ocrx_word' id='word_1_71' title='bbox 548 896 571 920; x_wconf 90' lang='lat' dir='ltr'>a</span> <span class='ocrx_word' id='word_1_72' title='bbox 590 884 693 920; x_wconf 91' lang='lat' dir='ltr'>Deo:</span> <span class='ocrx_word' id='word_1_73' title='bbox 723 884 859 921; x_wconf 89' lang='lat' dir='ltr'>dicitur</span> <span class='ocrx_word' id='word_1_74' title='bbox 886 885 987 921; x_wconf 89' lang='lat' dir='ltr'>enim</span> <span class='ocrx_word' id='word_1_75' title='bbox 1007 887 1077 922; x_wconf 85' lang='lat' dir='ltr'>Iob</span> <span class='ocrx_word' id='word_1_76' title='bbox 1101 886 1250 922; x_wconf 80' lang='lat' dir='ltr'>xxxm*</span> <span class='ocrx_word' id='word_1_77' title='bbox 1258 887 1362 922; x_wconf 88' lang='lat' dir='ltr'>:Per</span> 
     </span>
    </p>
   </div>
   <div class='ocr_carea' id='block_1_13' title="bbox 296 677 507 876">
    <p class='ocr_par' dir='ltr' id='par_1_13' title="bbox 296 677 507 876">
     <span class='ocr_line' id='line_1_19' title="bbox 296 677 507 876; baseline 0 0"><span class='ocrx_word' id='word_1_78' title='bbox 296 677 507 876; x_wconf 95' lang='lat' dir='ltr'>  </span> 
     </span>
    </p>
   </div>
   <div class='ocr_carea' id='block_1_14' title="bbox 297 934 1389 987">
    <p class='ocr_par' dir='ltr' id='par_1_14' title="bbox 297 934 1389 987">
     <span class='ocr_line' id='line_1_20' title="bbox 297 934 1389 987; baseline 0.004 -16"><span class='ocrx_word' id='word_1_79' title='bbox 297 935 486 972; x_wconf 78' lang='lat' dir='ltr'>somnium</span> <span class='ocrx_word' id='word_1_80' title='bbox 507 936 543 972; x_wconf 87' lang='lat' dir='ltr'>in</span> <span class='ocrx_word' id='word_1_81' title='bbox 563 937 706 974; x_wconf 83' lang='lat' dir='ltr'><em>visione</em></span> <span class='ocrx_word' id='word_1_82' title='bbox 725 943 921 984; x_wconf 85' lang='lat' dir='ltr'>nocturna,</span> <span class='ocrx_word' id='word_1_83' title='bbox 942 939 1092 986; x_wconf 83' lang='lat' dir='ltr'>quando</span> <span class='ocrx_word' id='word_1_84' title='bbox 1112 939 1224 974; x_wconf 82' lang='lat' dir='ltr'>irruit</span> <span class='ocrx_word' id='word_1_85' title='bbox 1248 950 1362 987; x_wconf 84' lang='lat' dir='ltr'>sopor</span> <span class='ocrx_word' id='word_1_86' title='bbox 1387 934 1389 964; x_wconf 58' lang='lat' dir='ltr'>k</span> 
     </span>
    </p>
   </div>
   <div class='ocr_carea' id='block_1_15' title="bbox 297 989 1364 1356">
    <p class='ocr_par' dir='ltr' id='par_1_15' title="bbox 297 989 1364 1195">
     <span class='ocr_line' id='line_1_21' title="bbox 297 989 1360 1040; baseline 0.003 -16"><span class='ocrx_word' id='word_1_87' title='bbox 297 999 412 1037; x_wconf 84' lang='lat' dir='ltr'>super</span> <span class='ocrx_word' id='word_1_88' title='bbox 437 989 606 1026; x_wconf 83' lang='lat' dir='ltr'>homines</span> <span class='ocrx_word' id='word_1_89' title='bbox 625 995 661 1026; x_wconf 89' lang='lat' dir='ltr'>et</span> <span class='ocrx_word' id='word_1_90' title='bbox 681 990 876 1027; x_wconf 83' lang='lat' dir='ltr'>dormiunt</span> <span class='ocrx_word' id='word_1_91' title='bbox 891 991 927 1028; x_wconf 87' lang='lat' dir='ltr'>in</span> <span class='ocrx_word' id='word_1_92' title='bbox 950 991 1095 1037; x_wconf 88' lang='lat' dir='ltr'>lectulo,</span> <span class='ocrx_word' id='word_1_93' title='bbox 1125 996 1212 1027; x_wconf 88' lang='lat' dir='ltr'>tunc</span> <span class='ocrx_word' id='word_1_94' title='bbox 1229 991 1360 1040; x_wconf 84' lang='lat' dir='ltr'>aperit,</span> 
     </span>
     <span class='ocr_line' id='line_1_22' title="bbox 299 1041 1362 1089; baseline 0.003 -12"><span class='ocrx_word' id='word_1_95' title='bbox 299 1041 438 1078; x_wconf 89' lang='lat' dir='ltr'>scilicet</span> <span class='ocrx_word' id='word_1_96' title='bbox 465 1042 583 1089; x_wconf 90' lang='lat' dir='ltr'>Deus,</span> <span class='ocrx_word' id='word_1_97' title='bbox 612 1055 724 1080; x_wconf 83' lang='lat' dir='ltr'>aures</span> <span class='ocrx_word' id='word_1_98' title='bbox 750 1043 934 1089; x_wconf 75' lang='lat' dir='ltr'>virorum,</span> <span class='ocrx_word' id='word_1_99' title='bbox 963 1049 999 1080; x_wconf 91' lang='lat' dir='ltr'>et</span> <span class='ocrx_word' id='word_1_100' title='bbox 1024 1042 1197 1080; x_wconf 86' lang='lat' dir='ltr'>erudiens</span> <span class='ocrx_word' id='word_1_101' title='bbox 1215 1055 1278 1081; x_wconf 85' lang='lat' dir='ltr'>eos</span> <span class='ocrx_word' id='word_1_102' title='bbox 1306 1044 1362 1081; x_wconf 87' lang='lat' dir='ltr'>in-</span> 
     </span>
     <span class='ocr_line' id='line_1_23' title="bbox 298 1094 1364 1144; baseline 0.002 -13"><span class='ocrx_word' id='word_1_103' title='bbox 298 1094 409 1132; x_wconf 82' lang='lat' dir='ltr'><em>struit</em></span> <span class='ocrx_word' id='word_1_104' title='bbox 434 1095 638 1143; x_wconf 83' lang='lat' dir='ltr'><em>disciplina.</em></span> <span class='ocrx_word' id='word_1_105' title='bbox 677 1097 779 1144; x_wconf 87' lang='lat' dir='ltr'>Ergo</span> <span class='ocrx_word' id='word_1_106' title='bbox 817 1095 871 1133; x_wconf 91' lang='lat' dir='ltr'>uti</span> <span class='ocrx_word' id='word_1_107' title='bbox 900 1096 1133 1133; x_wconf 86' lang='lat' dir='ltr'>divinatione</span> <span class='ocrx_word' id='word_1_108' title='bbox 1170 1107 1270 1143; x_wconf 91' lang='lat' dir='ltr'>quae</span> <span class='ocrx_word' id='word_1_109' title='bbox 1309 1105 1364 1133; x_wconf 91' lang='lat' dir='ltr'>est</span> 
     </span>
     <span class='ocr_line' id='line_1_24' title="bbox 299 1148 947 1195; baseline 0.002 -11"><span class='ocrx_word' id='word_1_110' title='bbox 299 1159 369 1195; x_wconf 90' lang='lat' dir='ltr'>per</span> <span class='ocrx_word' id='word_1_111' title='bbox 397 1148 549 1184; x_wconf 85' lang='lat' dir='ltr'>somnia</span> <span class='ocrx_word' id='word_1_112' title='bbox 577 1160 655 1185; x_wconf 91' lang='lat' dir='ltr'>non</span> <span class='ocrx_word' id='word_1_113' title='bbox 684 1156 741 1185; x_wconf 90' lang='lat' dir='ltr'>est</span> <span class='ocrx_word' id='word_1_114' title='bbox 767 1148 947 1185; x_wconf 91' lang='lat' dir='ltr'>illicitum.</span> 
     </span>
    </p>

    <p class='ocr_par' dir='ltr' id='par_1_16' title="bbox 299 1201 1361 1356">
     <span class='ocr_line' id='line_1_25' title="bbox 356 1201 1361 1251; baseline 0.002 -14"><span class='ocrx_word' id='word_1_115' title='bbox 356 1211 391 1237; x_wconf 89' lang='lat'>2.</span> <span class='ocrx_word' id='word_1_116' title='bbox 422 1201 662 1248; x_wconf 74' lang='lat' dir='ltr'>PRAETEREA,</span> <span class='ocrx_word' id='word_1_117' title='bbox 692 1201 740 1238; x_wconf 93' lang='lat' dir='ltr'>illi</span> <span class='ocrx_word' id='word_1_118' title='bbox 775 1202 839 1250; x_wconf 92' lang='lat' dir='ltr'>qui</span> <span class='ocrx_word' id='word_1_119' title='bbox 876 1201 1164 1251; x_wconf 88' lang='lat' dir='ltr'>interpretantur</span> <span class='ocrx_word' id='word_1_120' title='bbox 1191 1202 1361 1250; x_wconf 88' lang='lat' dir='ltr'>somnia,</span> 
     </span>
     <span class='ocr_line' id='line_1_26' title="bbox 299 1251 1363 1312; baseline 0.004 -23"><span class='ocrx_word' id='word_1_121' title='bbox 299 1252 454 1312; x_wconf 86' lang='lat' dir='ltr'>proprie</span> <span class='ocrx_word' id='word_1_122' title='bbox 472 1260 627 1290; x_wconf 90' lang='lat' dir='ltr'>utuntur</span> <span class='ocrx_word' id='word_1_123' title='bbox 646 1253 878 1291; x_wconf 84' lang='lat' dir='ltr'>divinatione</span> <span class='ocrx_word' id='word_1_124' title='bbox 898 1255 1151 1292; x_wconf 87' lang='lat' dir='ltr'>somniorum.</span> <span class='ocrx_word' id='word_1_125' title='bbox 1182 1256 1257 1292; x_wconf 87' lang='lat' dir='ltr'>Sed</span> <span class='ocrx_word' id='word_1_126' title='bbox 1278 1251 1363 1293; x_wconf 86' lang='lat' dir='ltr'>san-</span> 
     </span>
     <span class='ocr_line' id='line_1_27' title="bbox 300 1304 1364 1356; baseline 0 -11"><span class='ocrx_word' id='word_1_127' title='bbox 300 1304 351 1354; x_wconf 76' lang='lat' dir='ltr'>cti</span> <span class='ocrx_word' id='word_1_128' title='bbox 377 1305 447 1343; x_wconf 88' lang='lat' dir='ltr'>viri</span> <span class='ocrx_word' id='word_1_129' title='bbox 462 1307 650 1354; x_wconf 83' lang='lat' dir='ltr'>leguntur</span> <span class='ocrx_word' id='word_1_130' title='bbox 677 1307 827 1344; x_wconf 90' lang='lat' dir='ltr'>somnia</span> <span class='ocrx_word' id='word_1_131' title='bbox 863 1307 1097 1356; x_wconf 88' lang='lat' dir='ltr'>interpretari</span> <span class='ocrx_word' id='word_1_132' title='bbox 1124 1313 1156 1345; x_wconf 74' lang='lat'>²:</span> <span class='ocrx_word' id='word_1_133' title='bbox 1183 1308 1278 1345; x_wconf 91' lang='lat' dir='ltr'>sicut</span> <span class='ocrx_word' id='word_1_134' title='bbox 1306 1310 1364 1346; x_wconf 91' lang='lat' dir='ltr'>Io-</span> 
     </span>
    </p>
   </div>
   <div class='ocr_carea' id='block_1_16' title="bbox 272 1351 1366 1409">
    <p class='ocr_par' dir='ltr' id='par_1_17' title="bbox 272 1351 1366 1409">
     <span class='ocr_line' id='line_1_28' title="bbox 272 1351 1366 1409; baseline 0.001 -12"><span class='ocrx_word' id='word_1_135' title='bbox 272 1351 458 1408; x_wconf 55' lang='grc' dir='ltr'>*58ῑῶ</span> <span class='ocrx_word' id='word_1_136' title='bbox 415 1366 679 1408; x_wconf 72' lang='lat' dir='ltr'>interpretatur</span> <span class='ocrx_word' id='word_1_137' title='bbox 704 1360 855 1398; x_wconf 89' lang='lat' dir='ltr'>somnia</span> <span class='ocrx_word' id='word_1_138' title='bbox 872 1361 1076 1409; x_wconf 86' lang='lat' dir='ltr'>pincernae</span> <span class='ocrx_word' id='word_1_139' title='bbox 1101 1362 1310 1399; x_wconf 88' lang='lat' dir='ltr'>Pharaonis</span> <span class='ocrx_word' id='word_1_140' title='bbox 1330 1370 1366 1399; x_wconf 87' lang='lat' dir='ltr'>et</span> 
     </span>
    </p>
   </div>
   <div class='ocr_carea' id='block_1_17' title="bbox 300 1411 1366 1471">
    <p class='ocr_par' dir='ltr' id='par_1_18' title="bbox 300 1411 1366 1471">
     <span class='ocr_line' id='line_1_29' title="bbox 300 1411 1366 1471; baseline 0.004 -23"><span class='ocrx_word' id='word_1_141' title='bbox 300 1411 469 1471; x_wconf 72' lang='lat' dir='ltr'>magistri</span> <span class='ocrx_word' id='word_1_142' title='bbox 504 1412 711 1461; x_wconf 86' lang='lat' dir='ltr'>pistorum,</span> <span class='ocrx_word' id='word_1_143' title='bbox 739 1421 783 1450; x_wconf 91' lang='lat' dir='ltr'>ut</span> <span class='ocrx_word' id='word_1_144' title='bbox 815 1414 950 1461; x_wconf 89' lang='lat' dir='ltr'>legitur</span> <span class='ocrx_word' id='word_1_145' title='bbox 981 1415 1073 1452; x_wconf 88' lang='lat' dir='ltr'>Gen.</span> <span class='ocrx_word' id='word_1_146' title='bbox 1103 1426 1148 1451; x_wconf 75' lang='grc' dir='ltr'>ιιι,</span> <span class='ocrx_word' id='word_1_147' title='bbox 1167 1414 1205 1462; x_wconf 75' lang='grc'>*,</span> <span class='ocrx_word' id='word_1_148' title='bbox 1235 1422 1272 1451; x_wconf 85' lang='lat' dir='ltr'>et</span> <span class='ocrx_word' id='word_1_149' title='bbox 1305 1427 1366 1452; x_wconf 91' lang='lat' dir='ltr'>so-</span> 
     </span>
    </p>
   </div>
   <div class='ocr_carea' id='block_1_18' title="bbox 53 1465 1393 1515">
    <p class='ocr_par' dir='ltr' id='par_1_19' title="bbox 53 1465 1393 1515">
     <span class='ocr_line' id='line_1_30' title="bbox 53 1465 1393 1515; baseline 0.004 -15"><span class='ocrx_word' id='word_1_150' title='bbox 53 1468 266 1510; x_wconf 54' lang='grc' dir='ltr'>,Ὗᾳιὺιςηφ</span> <span class='ocrx_word' id='word_1_151' title='bbox 298 1465 450 1502; x_wconf 84' lang='lat' dir='ltr'>mnium</span> <span class='ocrx_word' id='word_1_152' title='bbox 469 1465 691 1513; x_wconf 86' lang='lat' dir='ltr'>Pharaonis,</span> <span class='ocrx_word' id='word_1_153' title='bbox 711 1474 753 1503; x_wconf 91' lang='lat' dir='ltr'>ut</span> <span class='ocrx_word' id='word_1_154' title='bbox 771 1467 904 1515; x_wconf 89' lang='lat' dir='ltr'>legitur</span> <span class='ocrx_word' id='word_1_155' title='bbox 920 1467 1012 1504; x_wconf 88' lang='lat' dir='ltr'>Gen.</span> <span class='ocrx_word' id='word_1_156' title='bbox 1033 1479 1091 1504; x_wconf 75' lang='lat' dir='ltr'>xm</span> <span class='ocrx_word' id='word_1_157' title='bbox 1110 1467 1149 1489; x_wconf 82' lang='grc'>*·</span> <span class='ocrx_word' id='word_1_158' title='bbox 1141 1475 1208 1510; x_wconf 89' lang='lat' dir='ltr'>‚et</span> <span class='ocrx_word' id='word_1_159' title='bbox 1230 1468 1366 1505; x_wconf 87' lang='lat' dir='ltr'>Daniel</span> <span class='ocrx_word' id='word_1_160' title='bbox 1391 1466 1393 1482; x_wconf 64' lang='lat'>³</span> 
     </span>
    </p>
   </div>
   <div class='ocr_carea' id='block_1_19' title="bbox 136 1516 267 1535">
    <p class='ocr_par' dir='ltr' id='par_1_20' title="bbox 136 1516 267 1535">
     <span class='ocr_line' id='line_1_31' title="bbox 136 1516 267 1535; baseline 0 0"><span class='ocrx_word' id='word_1_161' title='bbox 136 1516 267 1535; x_wconf 35' lang='lat' dir='ltr'>,itwmf&#39;</span> 
     </span>
    </p>
   </div>
   <div class='ocr_carea' id='block_1_20' title="bbox 299 1512 1366 1569">
    <p class='ocr_par' dir='ltr' id='par_1_21' title="bbox 299 1512 1366 1569">
     <span class='ocr_line' id='line_1_32' title="bbox 299 1512 1366 1569; baseline 0.003 -15"><span class='ocrx_word' id='word_1_162' title='bbox 299 1517 566 1567; x_wconf 78' lang='lat' dir='ltr'>interpretatus</span> <span class='ocrx_word' id='word_1_163' title='bbox 601 1527 656 1556; x_wconf 93' lang='lat' dir='ltr'>est</span> <span class='ocrx_word' id='word_1_164' title='bbox 688 1520 883 1557; x_wconf 87' lang='lat' dir='ltr'>somnium</span> <span class='ocrx_word' id='word_1_165' title='bbox 921 1520 1035 1569; x_wconf 87' lang='lat' dir='ltr'>Regis</span> <span class='ocrx_word' id='word_1_166' title='bbox 1069 1512 1296 1568; x_wconf 85' lang='lat' dir='ltr'>Babylonis,</span> <span class='ocrx_word' id='word_1_167' title='bbox 1325 1528 1366 1558; x_wconf 89' lang='lat' dir='ltr'>ut</span> 
     </span>
    </p>
   </div>
   <div class='ocr_carea' id='block_1_21' title="bbox 55 1571 1367 1627">
    <p class='ocr_par' dir='ltr' id='par_1_22' title="bbox 55 1571 1367 1627">
     <span class='ocr_line' id='line_1_33' title="bbox 55 1571 1367 1627; baseline 0.005 -23"><span class='ocrx_word' id='word_1_168' title='bbox 55 1578 58 1581; x_wconf 69' lang='grc'><strong>’</strong></span> <span class='ocrx_word' id='word_1_169' title='bbox 80 1573 154 1627; x_wconf 69' lang='lat' dir='ltr'>vnn-</span> <span class='ocrx_word' id='word_1_170' title='bbox 172 1575 202 1599; x_wconf 74' lang='lat'>³⁶</span> <span class='ocrx_word' id='word_1_171' title='bbox 221 1581 275 1605; x_wconf 73' lang='lat' dir='ltr'>“la</span> <span class='ocrx_word' id='word_1_172' title='bbox 300 1571 462 1615; x_wconf 72' lang='lat' dir='ltr'>habetur</span> <span class='ocrx_word' id='word_1_173' title='bbox 479 1572 578 1609; x_wconf 91' lang='lat' dir='ltr'>Dan.</span> <span class='ocrx_word' id='word_1_174' title='bbox 599 1584 623 1611; x_wconf 89' lang='lat'>11</span> <span class='ocrx_word' id='word_1_175' title='bbox 641 1572 661 1594; x_wconf 73' lang='lat'>&#39;¹‘</span> <span class='ocrx_word' id='word_1_176' title='bbox 685 1579 721 1610; x_wconf 89' lang='lat' dir='ltr'>et</span> <span class='ocrx_word' id='word_1_177' title='bbox 739 1585 775 1610; x_wconf 93' lang='lat' dir='ltr'>1v</span> <span class='ocrx_word' id='word_1_178' title='bbox 793 1572 844 1610; x_wconf 54' lang='lat'>*³¹2</span> <span class='ocrx_word' id='word_1_179' title='bbox 875 1573 977 1620; x_wconf 87' lang='lat' dir='ltr'>Ergo</span> <span class='ocrx_word' id='word_1_180' title='bbox 998 1572 1179 1610; x_wconf 86' lang='lat' dir='ltr'>divinatio</span> <span class='ocrx_word' id='word_1_181' title='bbox 1200 1574 1367 1611; x_wconf 89' lang='lat' dir='ltr'>somnio-</span> 
     </span>
    </p>
   </div>
   <div class='ocr_carea' id='block_1_22' title="bbox 300 1624 1366 1790">
    <p class='ocr_par' dir='ltr' id='par_1_23' title="bbox 300 1624 1366 1780">
     <span class='ocr_line' id='line_1_34' title="bbox 300 1624 742 1666; baseline 0 -3"><span class='ocrx_word' id='word_1_182' title='bbox 300 1635 407 1666; x_wconf 67' lang='lat' dir='ltr'>fflm-</span> <span class='ocrx_word' id='word_1_183' title='bbox 412 1635 505 1663; x_wconf 82' lang='lat' dir='ltr'>non</span> <span class='ocrx_word' id='word_1_184' title='bbox 525 1632 580 1663; x_wconf 88' lang='lat' dir='ltr'>est</span> <span class='ocrx_word' id='word_1_185' title='bbox 606 1624 742 1663; x_wconf 86' lang='lat' dir='ltr'>illicita.</span> 
     </span>
     <span class='ocr_line' id='line_1_35' title="bbox 357 1677 1365 1726; baseline 0.002 -12"><span class='ocrx_word' id='word_1_186' title='bbox 357 1678 392 1715; x_wconf 87' lang='lat'>3.</span> <span class='ocrx_word' id='word_1_187' title='bbox 423 1678 656 1724; x_wconf 61' lang='lat' dir='ltr'>mamam,</span> <span class='ocrx_word' id='word_1_188' title='bbox 677 1678 769 1715; x_wconf 90' lang='lat' dir='ltr'>illud</span> <span class='ocrx_word' id='word_1_189' title='bbox 787 1677 894 1726; x_wconf 91' lang='lat' dir='ltr'>quod</span> <span class='ocrx_word' id='word_1_190' title='bbox 914 1679 1170 1715; x_wconf 89' lang='lat' dir='ltr'>communiter</span> <span class='ocrx_word' id='word_1_191' title='bbox 1188 1679 1365 1716; x_wconf 90' lang='lat' dir='ltr'>homines</span> 
     </span>
     <span class='ocr_line' id='line_1_36' title="bbox 300 1729 1366 1790; baseline 0.002 -23"><span class='ocrx_word' id='word_1_192' title='bbox 300 1729 557 1790; x_wconf 76' lang='lat' dir='ltr'>experiuntur,</span> <span class='ocrx_word' id='word_1_193' title='bbox 577 1730 831 1768; x_wconf 86' lang='lat' dir='ltr'>irrationabile</span> <span class='ocrx_word' id='word_1_194' title='bbox 856 1738 912 1767; x_wconf 90' lang='lat' dir='ltr'>est</span> <span class='ocrx_word' id='word_1_195' title='bbox 939 1743 1089 1780; x_wconf 87' lang='lat' dir='ltr'>negare.</span> <span class='ocrx_word' id='word_1_196' title='bbox 1125 1732 1202 1769; x_wconf 92' lang='lat' dir='ltr'>Sed</span> <span class='ocrx_word' id='word_1_197' title='bbox 1230 1744 1366 1769; x_wconf 90' lang='lat' dir='ltr'>omnes</span> 
     </span>
    </p>
   </div>
   <div class='ocr_carea' id='block_1_23' title="bbox 303 1834 1366 1886">
    <p class='ocr_par' dir='ltr' id='par_1_24' title="bbox 303 1834 1366 1886">
     <span class='ocr_line' id='line_1_37' title="bbox 303 1834 1366 1886; baseline 0.003 -13"><span class='ocrx_word' id='word_1_198' title='bbox 303 1841 395 1882; x_wconf 76' lang='lat' dir='ltr'>nem</span> <span class='ocrx_word' id='word_1_199' title='bbox 422 1834 648 1874; x_wconf 84' lang='lat' dir='ltr'>futurorum.</span> <span class='ocrx_word' id='word_1_200' title='bbox 677 1837 780 1885; x_wconf 87' lang='lat' dir='ltr'>Ergo</span> <span class='ocrx_word' id='word_1_201' title='bbox 809 1849 956 1875; x_wconf 87' lang='lat' dir='ltr'>vanum</span> <span class='ocrx_word' id='word_1_202' title='bbox 975 1845 1031 1875; x_wconf 90' lang='lat' dir='ltr'>est</span> <span class='ocrx_word' id='word_1_203' title='bbox 1049 1850 1188 1886; x_wconf 90' lang='lat' dir='ltr'>negare</span> <span class='ocrx_word' id='word_1_204' title='bbox 1216 1839 1366 1876; x_wconf 78' lang='lat' dir='ltr'>somnia</span> 
     </span>
    </p>
   </div>
   <div class='ocr_carea' id='block_1_24' title="bbox 301 1886 1367 1980">
    <p class='ocr_par' dir='ltr' id='par_1_25' title="bbox 301 1886 1367 1980">
     <span class='ocr_line' id='line_1_38' title="bbox 301 1886 1367 1980; baseline 0.003 -54"><span class='ocrx_word' id='word_1_205' title='bbox 301 1886 444 1980; x_wconf 52' lang='grc' dir='ltr'><strong>ᾖαυὶέζε</strong></span> <span class='ocrx_word' id='word_1_206' title='bbox 471 1889 552 1926; x_wconf 91' lang='lat' dir='ltr'>vim</span> <span class='ocrx_word' id='word_1_207' title='bbox 580 1889 835 1928; x_wconf 87' lang='lat' dir='ltr'>divinationis.</span> <span class='ocrx_word' id='word_1_208' title='bbox 865 1891 968 1938; x_wconf 85' lang='lat' dir='ltr'>Ergo</span> <span class='ocrx_word' id='word_1_209' title='bbox 993 1891 1135 1928; x_wconf 89' lang='lat' dir='ltr'>licitum</span> <span class='ocrx_word' id='word_1_210' title='bbox 1166 1900 1221 1929; x_wconf 90' lang='lat' dir='ltr'>est</span> <span class='ocrx_word' id='word_1_211' title='bbox 1241 1891 1294 1928; x_wconf 92' lang='lat' dir='ltr'>eis</span> <span class='ocrx_word' id='word_1_212' title='bbox 1312 1891 1367 1929; x_wconf 91' lang='lat' dir='ltr'>in·</span> 
     </span>
     <span class='ocr_line' id='line_1_39' title="bbox 302 1949 472 1979; baseline 0 0"><span class='ocrx_word' id='word_1_213' title='bbox 302 1949 341 1979; x_wconf 66' lang='lat'>10</span> <span class='ocrx_word' id='word_1_214' title='bbox 419 1954 472 1979; x_wconf 81' lang='lat' dir='ltr'>re.</span> 
     </span>
    </p>
   </div>
   <div class='ocr_carea' id='block_1_25' title="bbox 303 2047 1367 2205">
    <p class='ocr_par' dir='ltr' id='par_1_26' title="bbox 303 2047 1355 2205">
     <span class='ocr_line' id='line_1_40' title="bbox 304 2047 1107 2110; baseline 0.003 -25"><span class='ocrx_word' id='word_1_215' title='bbox 304 2047 517 2110; x_wconf 60' lang='lat' dir='ltr'>inveniatur</span> <span class='ocrx_word' id='word_1_216' title='bbox 544 2049 581 2085; x_wconf 89' lang='lat' dir='ltr'>in</span> <span class='ocrx_word' id='word_1_217' title='bbox 610 2054 645 2085; x_wconf 73' lang='lat' dir='ltr'>te</span> <span class='ocrx_word' id='word_1_218' title='bbox 663 2049 728 2099; x_wconf 84' lang='lat' dir='ltr'>qui</span> <span class='ocrx_word' id='word_1_219' title='bbox 753 2048 924 2086; x_wconf 81' lang='lat' dir='ltr'>observet</span> <span class='ocrx_word' id='word_1_220' title='bbox 947 2050 1107 2087; x_wconf 82' lang='lat' dir='ltr'>somnia.</span> 
     </span>
     <span class='ocr_line' id='line_1_41' title="bbox 339 2099 1366 2152; baseline 0.001 -12.018"><span class='ocrx_word' id='word_1_221' title='bbox 339 2099 585 2140; x_wconf 70' lang='grc' dir='ltr'>ΒΕεΡοΝυι-ῑο</span> <span class='ocrx_word' id='word_1_222' title='bbox 611 2113 795 2140; x_wconf 63' lang='lat' dir='ltr'>nicanum«</span> <span class='ocrx_word' id='word_1_223' title='bbox 822 2102 939 2152; x_wconf 88' lang='lat' dir='ltr'>quod,</span> <span class='ocrx_word' id='word_1_224' title='bbox 960 2103 1056 2140; x_wconf 89' lang='lat' dir='ltr'>sicut</span> <span class='ocrx_word' id='word_1_225' title='bbox 1087 2103 1231 2141; x_wconf 89' lang='lat' dir='ltr'>dictum</span> <span class='ocrx_word' id='word_1_226' title='bbox 1256 2112 1311 2141; x_wconf 88' lang='lat' dir='ltr'>est</span> <span class='ocrx_word' id='word_1_227' title='bbox 1335 2103 1366 2152; x_wconf 74' lang='lat'>²¹²,</span> 
     </span>
     <span class='ocr_line' id='line_1_42' title="bbox 303 2135 1367 2205; baseline 0.002 -12"><span class='ocrx_word' id='word_1_228' title='bbox 303 2135 487 2197; x_wconf 74' lang='lat' dir='ltr'>divinatio</span> <span class='ocrx_word' id='word_1_229' title='bbox 524 2167 623 2204; x_wconf 88' lang='lat' dir='ltr'>quae</span> <span class='ocrx_word' id='word_1_230' title='bbox 657 2155 824 2193; x_wconf 88' lang='lat' dir='ltr'>innititur</span> <span class='ocrx_word' id='word_1_231' title='bbox 858 2155 973 2193; x_wconf 84' lang='lat' dir='ltr'>falsae</span> <span class='ocrx_word' id='word_1_232' title='bbox 1011 2156 1183 2205; x_wconf 87' lang='lat' dir='ltr'>opinioni</span> <span class='ocrx_word' id='word_1_233' title='bbox 1218 2165 1275 2195; x_wconf 90' lang='lat' dir='ltr'>est</span> <span class='ocrx_word' id='word_1_234' title='bbox 1307 2169 1367 2195; x_wconf 91' lang='lat' dir='ltr'>su-</span> 
     </span>
    </p>
   </div>
   <div class='ocr_carea' id='block_1_26' title="bbox 304 2365 1370 2521">
    <p class='ocr_par' dir='ltr' id='par_1_27' title="bbox 304 2365 1370 2521">
     <span class='ocr_line' id='line_1_43' title="bbox 305 2365 1370 2418; baseline 0.004 -13"><span class='ocrx_word' id='word_1_235' title='bbox 305 2373 416 2406; x_wconf 86' lang='lat' dir='ltr'>tuum</span> <span class='ocrx_word' id='word_1_236' title='bbox 436 2365 667 2417; x_wconf 83' lang='lat' dir='ltr'>quandoque</span> <span class='ocrx_word' id='word_1_237' title='bbox 687 2367 843 2415; x_wconf 88' lang='lat' dir='ltr'>quidem</span> <span class='ocrx_word' id='word_1_238' title='bbox 863 2380 994 2406; x_wconf 84' lang='lat' dir='ltr'>causa:</span> <span class='ocrx_word' id='word_1_239' title='bbox 1023 2376 1117 2418; x_wconf 90' lang='lat' dir='ltr'>puta</span> <span class='ocrx_word' id='word_1_240' title='bbox 1145 2381 1232 2406; x_wconf 90' lang='lat' dir='ltr'>curn</span> <span class='ocrx_word' id='word_1_241' title='bbox 1259 2381 1370 2411; x_wconf 81' lang='lat' dir='ltr'>mens</span> 
     </span>
     <span class='ocr_line' id='line_1_44' title="bbox 304 2416 1369 2470; baseline 0.004 -14"><span class='ocrx_word' id='word_1_242' title='bbox 304 2416 481 2466; x_wconf 62' lang='lat' dir='ltr'>fflcuius,</span> <span class='ocrx_word' id='word_1_243' title='bbox 511 2419 669 2457; x_wconf 88' lang='lat' dir='ltr'>sollicita</span> <span class='ocrx_word' id='word_1_244' title='bbox 702 2432 747 2458; x_wconf 86' lang='lat' dir='ltr'>ex</span> <span class='ocrx_word' id='word_1_245' title='bbox 774 2421 830 2458; x_wconf 89' lang='lat' dir='ltr'>his</span> <span class='ocrx_word' id='word_1_246' title='bbox 867 2433 966 2470; x_wconf 87' lang='lat' dir='ltr'>quae</span> <span class='ocrx_word' id='word_1_247' title='bbox 994 2422 1099 2459; x_wconf 90' lang='lat' dir='ltr'>videt</span> <span class='ocrx_word' id='word_1_248' title='bbox 1125 2422 1164 2458; x_wconf 88' lang='lat' dir='ltr'>in</span> <span class='ocrx_word' id='word_1_249' title='bbox 1192 2423 1369 2470; x_wconf 81' lang='lat' dir='ltr'>somniis.</span> 
     </span>
     <span class='ocr_line' id='line_1_45' title="bbox 304 2472 1368 2521; baseline 0.003 -12"><span class='ocrx_word' id='word_1_250' title='bbox 304 2472 496 2510; x_wconf 80' lang='lat' dir='ltr'>inducitur</span> <span class='ocrx_word' id='word_1_251' title='bbox 523 2474 570 2510; x_wconf 91' lang='lat' dir='ltr'>ad</span> <span class='ocrx_word' id='word_1_252' title='bbox 599 2473 739 2521; x_wconf 87' lang='lat' dir='ltr'>aliquid</span> <span class='ocrx_word' id='word_1_253' title='bbox 768 2474 986 2511; x_wconf 86' lang='lat' dir='ltr'>faciendum</span> <span class='ocrx_word' id='word_1_254' title='bbox 1012 2476 1076 2511; x_wconf 91' lang='lat' dir='ltr'>vel</span> <span class='ocrx_word' id='word_1_255' title='bbox 1103 2475 1315 2513; x_wconf 87' lang='lat' dir='ltr'>vitandum.</span> <span class='ocrx_word' id='word_1_256' title='bbox 1344 2495 1368 2504; x_wconf 90' lang='lat'><em>-</em></span> 
     </span>
    </p>
   </div>
   <div class='ocr_carea' id='block_1_27' title="bbox 306 2525 1370 2629">
    <p class='ocr_par' dir='ltr' id='par_1_28' title="bbox 306 2525 1370 2629">
     <span class='ocr_line' id='line_1_46' title="bbox 306 2525 1368 2577; baseline 0.003 -15"><span class='ocrx_word' id='word_1_257' title='bbox 306 2525 551 2575; x_wconf 88' lang='lat' dir='ltr'>Quandoque</span> <span class='ocrx_word' id='word_1_258' title='bbox 587 2538 682 2563; x_wconf 92' lang='lat' dir='ltr'>vero</span> <span class='ocrx_word' id='word_1_259' title='bbox 711 2527 862 2563; x_wconf 90' lang='lat' dir='ltr'>somnia</span> <span class='ocrx_word' id='word_1_260' title='bbox 899 2535 986 2563; x_wconf 89' lang='lat' dir='ltr'>sunt</span> <span class='ocrx_word' id='word_1_261' title='bbox 1014 2527 1118 2576; x_wconf 85' lang='lat' dir='ltr'>signa</span> <span class='ocrx_word' id='word_1_262' title='bbox 1153 2528 1368 2577; x_wconf 89' lang='lat' dir='ltr'>aliquorum</span> 
     </span>
     <span class='ocr_line' id='line_1_47' title="bbox 306 2578 1370 2629; baseline 0.004 -14"><span class='ocrx_word' id='word_1_263' title='bbox 306 2578 520 2616; x_wconf 86' lang='lat' dir='ltr'>futurorum</span> <span class='ocrx_word' id='word_1_264' title='bbox 553 2587 779 2626; x_wconf 87' lang='lat' dir='ltr'>eventuum,</span> <span class='ocrx_word' id='word_1_265' title='bbox 815 2580 1039 2629; x_wconf 86' lang='lat' dir='ltr'>inquantum</span> <span class='ocrx_word' id='word_1_266' title='bbox 1073 2581 1304 2619; x_wconf 86' lang='lat' dir='ltr'>reducuntur</span> <span class='ocrx_word' id='word_1_267' title='bbox 1332 2582 1370 2619; x_wconf 90' lang='lat' dir='ltr'>in</span> 
     </span>
    </p>
   </div>
   <div class='ocr_carea' id='block_1_28' title="bbox 305 2629 1396 2680">
    <p class='ocr_par' dir='ltr' id='par_1_29' title="bbox 305 2629 1396 2680">
     <span class='ocr_line' id='line_1_48' title="bbox 305 2629 1396 2680; baseline 0.003 -12"><span class='ocrx_word' id='word_1_268' title='bbox 305 2631 472 2680; x_wconf 78' lang='lat' dir='ltr'>aliquam</span> <span class='ocrx_word' id='word_1_269' title='bbox 501 2643 656 2669; x_wconf 88' lang='lat' dir='ltr'>causam</span> <span class='ocrx_word' id='word_1_270' title='bbox 695 2645 944 2670; x_wconf 90' lang='lat' dir='ltr'>communem</span> <span class='ocrx_word' id='word_1_271' title='bbox 973 2634 1132 2670; x_wconf 86' lang='lat' dir='ltr'>somniis</span> <span class='ocrx_word' id='word_1_272' title='bbox 1171 2642 1207 2671; x_wconf 90' lang='lat' dir='ltr'>et</span> <span class='ocrx_word' id='word_1_273' title='bbox 1235 2635 1369 2671; x_wconf 89' lang='lat' dir='ltr'>futuris</span> <span class='ocrx_word' id='word_1_274' title='bbox 1394 2629 1396 2660; x_wconf 65' lang='grc' dir='ltr'><strong><em>ἶ</em></strong></span> 
     </span>
    </p>
   </div>
   <div class='ocr_carea' id='block_1_29' title="bbox 306 2685 1370 2839">
    <p class='ocr_par' dir='ltr' id='par_1_30' title="bbox 306 2685 1370 2839">
     <span class='ocr_line' id='line_1_49' title="bbox 308 2685 1370 2736; baseline 0.004 -15"><span class='ocrx_word' id='word_1_275' title='bbox 308 2685 518 2721; x_wconf 88' lang='lat' dir='ltr'>eventibus.</span> <span class='ocrx_word' id='word_1_276' title='bbox 549 2685 770 2722; x_wconf 89' lang='lat' dir='ltr'>Secundum</span> <span class='ocrx_word' id='word_1_277' title='bbox 788 2691 804 2713; x_wconf 75' lang='grc' dir='ltr'><strong>Υ</strong></span> <span class='ocrx_word' id='word_1_278' title='bbox 819 2686 894 2723; x_wconf 86' lang='lat' dir='ltr'>hoc</span> <span class='ocrx_word' id='word_1_279' title='bbox 922 2687 1128 2735; x_wconf 87' lang='lat' dir='ltr'>plurimum</span> <span class='ocrx_word' id='word_1_280' title='bbox 1145 2688 1370 2736; x_wconf 77' lang='lat' dir='ltr'>praecogni-</span> 
     </span>
     <span class='ocr_line' id='line_1_50' title="bbox 306 2737 1370 2789; baseline 0.004 -15"><span class='ocrx_word' id='word_1_281' title='bbox 306 2737 428 2774; x_wconf 90' lang='lat' dir='ltr'>tiones</span> <span class='ocrx_word' id='word_1_282' title='bbox 448 2737 661 2775; x_wconf 89' lang='lat' dir='ltr'>futurorum</span> <span class='ocrx_word' id='word_1_283' title='bbox 682 2750 726 2775; x_wconf 90' lang='lat' dir='ltr'>ex</span> <span class='ocrx_word' id='word_1_284' title='bbox 747 2739 905 2776; x_wconf 89' lang='lat' dir='ltr'>somniis</span> <span class='ocrx_word' id='word_1_285' title='bbox 933 2740 1042 2776; x_wconf 90' lang='lat' dir='ltr'>fiunt.</span> <span class='ocrx_word' id='word_1_286' title='bbox 1070 2741 1139 2776; x_wconf 93' lang='lat' dir='ltr'>Est</span> <span class='ocrx_word' id='word_1_287' title='bbox 1158 2753 1249 2789; x_wconf 91' lang='lat' dir='ltr'>ergo</span> <span class='ocrx_word' id='word_1_288' title='bbox 1279 2753 1370 2778; x_wconf 88' lang='lat' dir='ltr'>con-</span> 
     </span>
     <span class='ocr_line' id='line_1_51' title="bbox 308 2790 1367 2839; baseline 0.004 -12"><span class='ocrx_word' id='word_1_289' title='bbox 308 2790 554 2827; x_wconf 88' lang='lat' dir='ltr'>siderandum</span> <span class='ocrx_word' id='word_1_290' title='bbox 591 2802 691 2839; x_wconf 86' lang='lat' dir='ltr'>quae</span> <span class='ocrx_word' id='word_1_291' title='bbox 727 2790 773 2828; x_wconf 92' lang='lat' dir='ltr'>sit</span> <span class='ocrx_word' id='word_1_292' title='bbox 801 2804 915 2829; x_wconf 86' lang='lat' dir='ltr'>causa</span> <span class='ocrx_word' id='word_1_293' title='bbox 947 2792 1208 2839; x_wconf 85' lang='lat' dir='ltr'>somniorum;</span> <span class='ocrx_word' id='word_1_294' title='bbox 1244 2801 1282 2830; x_wconf 88' lang='lat' dir='ltr'>et</span> <span class='ocrx_word' id='word_1_295' title='bbox 1318 2805 1367 2831; x_wconf 91' lang='lat' dir='ltr'>an</span> 
     </span>
    </p>
   </div>
   <div class='ocr_carea' id='block_1_30' title="bbox 307 2843 1367 2945">
    <p class='ocr_par' dir='ltr' id='par_1_31' title="bbox 307 2843 1367 2945">
     <span class='ocr_line' id='line_1_52' title="bbox 307 2843 1367 2893; baseline 0.003 -13"><span class='ocrx_word' id='word_1_296' title='bbox 307 2843 426 2893; x_wconf 90' lang='lat' dir='ltr'>possit</span> <span class='ocrx_word' id='word_1_297' title='bbox 458 2855 540 2880; x_wconf 91' lang='lat' dir='ltr'>esse</span> <span class='ocrx_word' id='word_1_298' title='bbox 579 2855 693 2880; x_wconf 88' lang='lat' dir='ltr'>causa</span> <span class='ocrx_word' id='word_1_299' title='bbox 733 2844 947 2882; x_wconf 81' lang='lat' dir='ltr'>futurorum</span> <span class='ocrx_word' id='word_1_300' title='bbox 978 2853 1201 2891; x_wconf 90' lang='lat' dir='ltr'>eventuum;</span> <span class='ocrx_word' id='word_1_301' title='bbox 1230 2847 1292 2883; x_wconf 92' lang='lat' dir='ltr'>vel</span> <span class='ocrx_word' id='word_1_302' title='bbox 1322 2858 1367 2883; x_wconf 90' lang='lat' dir='ltr'>ea</span> 
     </span>
     <span class='ocr_line' id='line_1_53' title="bbox 307 2895 703 2945; baseline 0 -12"><span class='ocrx_word' id='word_1_303' title='bbox 307 2895 425 2945; x_wconf 91' lang='lat' dir='ltr'>possit</span> <span class='ocrx_word' id='word_1_304' title='bbox 461 2908 703 2944; x_wconf 86' lang='lat' dir='ltr'>cognoscere.</span> 
     </span>
    </p>
   </div>
   <div class='ocr_carea' id='block_1_31' title="bbox 363 2949 1367 3005">
    <p class='ocr_par' dir='ltr' id='par_1_32' title="bbox 363 2949 1367 3005">
     <span class='ocr_line' id='line_1_54' title="bbox 363 2949 1367 3005; baseline 0.002 -19"><span class='ocrx_word' id='word_1_305' title='bbox 363 2949 570 2986; x_wconf 89' lang='lat' dir='ltr'>Sciendum</span> <span class='ocrx_word' id='word_1_306' title='bbox 612 2956 669 2986; x_wconf 89' lang='lat' dir='ltr'>est</span> <span class='ocrx_word' id='word_1_307' title='bbox 709 2961 799 2997; x_wconf 90' lang='lat' dir='ltr'>ergo</span> <span class='ocrx_word' id='word_1_308' title='bbox 833 2950 939 2998; x_wconf 93' lang='lat' dir='ltr'>quod</span> <span class='ocrx_word' id='word_1_309' title='bbox 981 2950 1220 2987; x_wconf 90' lang='lat' dir='ltr'>somniorum</span> <span class='ocrx_word' id='word_1_310' title='bbox 1254 2963 1367 3005; x_wconf 83' lang='lat' dir='ltr'>causa</span> 
     </span>
    </p>
   </div>
   <div class='ocr_carea' id='block_1_32' title="bbox 362 3061 1399 3096">
    <p class='ocr_par' dir='ltr' id='par_1_33' title="bbox 362 3061 1399 3096">
     <span class='ocr_line' id='line_1_55' title="bbox 362 3061 1399 3096; baseline 0.004 -10"><span class='ocrx_word' id='word_1_311' title='bbox 362 3062 389 3094; x_wconf 83' lang='grc' dir='ltr'>α)</span> <span class='ocrx_word' id='word_1_312' title='bbox 410 3061 623 3094; x_wconf 63' lang='lat' dir='ltr'>interpretari.-</span> <span class='ocrx_word' id='word_1_313' title='bbox 639 3061 811 3094; x_wconf 69' lang='lat' dir='ltr'>interpretati</span> <span class='ocrx_word' id='word_1_314' title='bbox 827 3061 973 3095; x_wconf 81' lang='lat' dir='ltr'>PAFstC</span> <span class='ocrx_word' id='word_1_315' title='bbox 986 3067 1012 3089; x_wconf 90' lang='lat' dir='ltr'>et</span> <span class='ocrx_word' id='word_1_316' title='bbox 1024 3062 1302 3096; x_wconf 75' lang='lat' dir='ltr'>a,1&#39;nterpretata1.-</span> <span class='ocrx_word' id='word_1_317' title='bbox 1320 3063 1370 3090; x_wconf 84' lang='lat' dir='ltr'>Pro</span> <span class='ocrx_word' id='word_1_318' title='bbox 1397 3068 1399 3082; x_wconf 86' lang='lat'><strong>¹</strong></span> 
     </span>
    </p>
   </div>
   <div class='ocr_carea' id='block_1_33' title="bbox 308 3097 1372 3200">
    <p class='ocr_par' dir='ltr' id='par_1_34' title="bbox 308 3097 1372 3200">
     <span class='ocr_line' id='line_1_56' title="bbox 308 3097 1372 3133; baseline 0.003 -11"><span class='ocrx_word' id='word_1_319' title='bbox 308 3097 511 3133; x_wconf 65' lang='lat' dir='ltr'>interpretatur,</span> <span class='ocrx_word' id='word_1_320' title='bbox 520 3097 722 3129; x_wconf 54' lang='lat' dir='ltr'>&amp;uerri-eratus</span> <span class='ocrx_word' id='word_1_321' title='bbox 739 3097 836 3131; x_wconf 80' lang='lat' dir='ltr'>BEpC.</span> <span class='ocrx_word' id='word_1_322' title='bbox 854 3098 1085 3130; x_wconf 71' lang='lat' dir='ltr'>interpretabatur</span> <span class='ocrx_word' id='word_1_323' title='bbox 1101 3099 1162 3130; x_wconf 76' lang='lat' dir='ltr'>AG,</span> <span class='ocrx_word' id='word_1_324' title='bbox 1180 3100 1372 3132; x_wconf 64' lang='lat' dir='ltr'>interpretatus</span> 
     </span>
     <span class='ocr_line' id='line_1_57' title="bbox 308 3117 1180 3168; baseline 0.003 -11"><span class='ocrx_word' id='word_1_325' title='bbox 308 3136 348 3158; x_wconf 70' lang='lat' dir='ltr'>est</span> <span class='ocrx_word' id='word_1_326' title='bbox 367 3133 493 3162; x_wconf 82' lang='lat' dir='ltr'>DFHIsC.</span> <span class='ocrx_word' id='word_1_327' title='bbox 511 3135 551 3158; x_wconf 77' lang='lat' dir='ltr'>est</span> <span class='ocrx_word' id='word_1_328' title='bbox 568 3132 760 3165; x_wconf 73' lang='lat' dir='ltr'>interpretatus</span> <span class='ocrx_word' id='word_1_329' title='bbox 780 3132 850 3162; x_wconf 81' lang='lat' dir='ltr'>PKa,</span> <span class='ocrx_word' id='word_1_330' title='bbox 869 3133 1061 3166; x_wconf 70' lang='lat' dir='ltr'>interpretatus</span> <span class='ocrx_word' id='word_1_331' title='bbox 1073 3134 1132 3168; x_wconf 79' lang='lat' dir='ltr'>fuit</span> <span class='ocrx_word' id='word_1_332' title='bbox 1149 3117 1180 3160; x_wconf 89' lang='lat' dir='ltr'>L.</span> 
     </span>
     <span class='ocr_line' id='line_1_58' title="bbox 363 3162 780 3200; baseline 0.002 -8"><span class='ocrx_word' id='word_1_333' title='bbox 363 3166 389 3200; x_wconf 86' lang='grc' dir='ltr'>β)</span> <span class='ocrx_word' id='word_1_334' title='bbox 410 3167 511 3193; x_wconf 84' lang='lat' dir='ltr'>Ideo.—</span> <span class='ocrx_word' id='word_1_335' title='bbox 530 3162 567 3192; x_wconf 74' lang='lat' dir='ltr'>Et</span> <span class='ocrx_word' id='word_1_336' title='bbox 583 3167 644 3193; x_wconf 74' lang='lat' dir='ltr'>ideo</span> <span class='ocrx_word' id='word_1_337' title='bbox 662 3167 780 3193; x_wconf 75' lang='lat' dir='ltr'>CDGaK.</span> 
     </span>
    </p>
   </div>
   <div class='ocr_carea' id='block_1_34' title="bbox 362 3202 1243 3237">
    <p class='ocr_par' dir='ltr' id='par_1_35' title="bbox 362 3202 1243 3237">
     <span class='ocr_line' id='line_1_59' title="bbox 362 3202 1243 3237; baseline 0.002 -9"><span class='ocrx_word' id='word_1_338' title='bbox 362 3205 390 3237; x_wconf 80' lang='grc' dir='ltr'>γ)</span> <span class='ocrx_word' id='word_1_339' title='bbox 409 3203 570 3229; x_wconf 75' lang='lat' dir='ltr'>Secundum.</span> <span class='ocrx_word' id='word_1_340' title='bbox 581 3216 599 3222; x_wconf 91' lang='lat'>-</span> <span class='ocrx_word' id='word_1_341' title='bbox 619 3202 656 3228; x_wconf 77' lang='lat' dir='ltr'>Et</span> <span class='ocrx_word' id='word_1_342' title='bbox 671 3203 817 3229; x_wconf 70' lang='lat' dir='ltr'>mundum</span> <span class='ocrx_word' id='word_1_343' title='bbox 835 3203 991 3229; x_wconf 73' lang='lat' dir='ltr'>PDGIsK-</span> <span class='ocrx_word' id='word_1_344' title='bbox 1009 3205 1060 3230; x_wconf 81' lang='lat' dir='ltr'>Pro</span> <span class='ocrx_word' id='word_1_345' title='bbox 1078 3212 1124 3235; x_wconf 78' lang='lat' dir='ltr'>ex,</span> <span class='ocrx_word' id='word_1_346' title='bbox 1143 3205 1170 3231; x_wconf 81' lang='lat' dir='ltr'>in</span> <span class='ocrx_word' id='word_1_347' title='bbox 1189 3205 1243 3231; x_wconf 81' lang='grc' dir='ltr'>ΡΒ.</span> 
     </span>
    </p>
   </div>
   <div class='ocr_carea' id='block_1_35' title="bbox 1387 676 1403 3225">
    <p class='ocr_par' dir='ltr' id='par_1_36' title="bbox 1387 676 1403 3225">
     <span class='ocr_line' id='line_1_60' title="bbox 1387 676 1403 3225; baseline 0 0"><span class='ocrx_word' id='word_1_348' title='bbox 1387 676 1403 3225; x_wconf 95' lang='lat' dir='ltr'> </span> 
     </span>
    </p>
   </div>
   <div class='ocr_carea' id='block_1_36' title="bbox 1412 675 2478 1256">
    <p class='ocr_par' dir='ltr' id='par_1_37' title="bbox 1412 675 2478 1256">
     <span class='ocr_line' id='line_1_61' title="bbox 1413 675 2474 727; baseline 0.005 -16"><span class='ocrx_word' id='word_1_349' title='bbox 1413 675 1645 724; x_wconf 88' lang='lat' dir='ltr'>quandoque</span> <span class='ocrx_word' id='word_1_350' title='bbox 1675 677 1829 725; x_wconf 90' lang='lat' dir='ltr'>quidem</span> <span class='ocrx_word' id='word_1_351' title='bbox 1860 684 1915 714; x_wconf 91' lang='lat' dir='ltr'>est</span> <span class='ocrx_word' id='word_1_352' title='bbox 1942 677 2118 724; x_wconf 89' lang='lat' dir='ltr'>interius,</span> <span class='ocrx_word' id='word_1_353' title='bbox 2146 679 2379 727; x_wconf 90' lang='lat' dir='ltr'>quandoque</span> <span class='ocrx_word' id='word_1_354' title='bbox 2408 692 2474 716; x_wconf 91' lang='lat' dir='ltr'>au-</span> 
     </span>
     <span class='ocr_line' id='line_1_62' title="bbox 1412 728 2476 770; baseline 0.006 -6"><span class='ocrx_word' id='word_1_355' title='bbox 1412 735 1491 764; x_wconf 89' lang='lat' dir='ltr'>tern</span> <span class='ocrx_word' id='word_1_356' title='bbox 1512 728 1684 766; x_wconf 90' lang='lat' dir='ltr'>exterius.</span> <span class='ocrx_word' id='word_1_357' title='bbox 1710 729 1866 766; x_wconf 88' lang='lat' dir='ltr'>Interior</span> <span class='ocrx_word' id='word_1_358' title='bbox 1885 738 2012 767; x_wconf 89' lang='lat' dir='ltr'>autem</span> <span class='ocrx_word' id='word_1_359' title='bbox 2033 731 2269 768; x_wconf 87' lang='lat' dir='ltr'>somniorum</span> <span class='ocrx_word' id='word_1_360' title='bbox 2287 743 2400 769; x_wconf 90' lang='lat' dir='ltr'>causa</span> <span class='ocrx_word' id='word_1_361' title='bbox 2420 740 2476 770; x_wconf 90' lang='lat' dir='ltr'>est</span> 
     </span>
     <span class='ocr_line' id='line_1_63' title="bbox 1415 780 2475 832; baseline 0.005 -15"><span class='ocrx_word' id='word_1_362' title='bbox 1415 780 1565 829; x_wconf 87' lang='lat' dir='ltr'>duplex.</span> <span class='ocrx_word' id='word_1_363' title='bbox 1592 781 1677 818; x_wconf 91' lang='lat' dir='ltr'>Una</span> <span class='ocrx_word' id='word_1_364' title='bbox 1697 782 1851 830; x_wconf 90' lang='lat' dir='ltr'>quidem</span> <span class='ocrx_word' id='word_1_365' title='bbox 1870 783 2063 820; x_wconf 86' lang='lat' dir='ltr'>animalis:</span> <span class='ocrx_word' id='word_1_366' title='bbox 2090 784 2316 832; x_wconf 87' lang='lat' dir='ltr'>inquantum</span> <span class='ocrx_word' id='word_1_367' title='bbox 2337 785 2475 823; x_wconf 89' lang='lat' dir='ltr'>scilicet</span> 
     </span>
     <span class='ocr_line' id='line_1_64' title="bbox 1415 835 2475 884; baseline 0.006 -15"><span class='ocrx_word' id='word_1_368' title='bbox 1415 845 1461 870; x_wconf 88' lang='lat' dir='ltr'>ea</span> <span class='ocrx_word' id='word_1_369' title='bbox 1489 842 1692 870; x_wconf 89' lang='lat' dir='ltr'>occurrunt</span> <span class='ocrx_word' id='word_1_370' title='bbox 1724 835 1890 871; x_wconf 89' lang='lat' dir='ltr'>hominis</span> <span class='ocrx_word' id='word_1_371' title='bbox 1924 836 2145 884; x_wconf 86' lang='lat' dir='ltr'>phantasiae</span> <span class='ocrx_word' id='word_1_372' title='bbox 2174 837 2211 873; x_wconf 92' lang='lat' dir='ltr'>in</span> <span class='ocrx_word' id='word_1_373' title='bbox 2249 837 2475 876; x_wconf 90' lang='lat' dir='ltr'>dormiendo</span> 
     </span>
     <span class='ocr_line' id='line_1_65' title="bbox 1416 886 2475 935; baseline 0.006 -13"><span class='ocrx_word' id='word_1_374' title='bbox 1416 886 1514 922; x_wconf 91' lang='lat' dir='ltr'>eirca</span> <span class='ocrx_word' id='word_1_375' title='bbox 1538 898 1636 934; x_wconf 89' lang='lat' dir='ltr'>quae</span> <span class='ocrx_word' id='word_1_376' title='bbox 1665 887 1743 924; x_wconf 92' lang='lat' dir='ltr'>eius</span> <span class='ocrx_word' id='word_1_377' title='bbox 1764 888 1938 935; x_wconf 89' lang='lat' dir='ltr'>cogitatio</span> <span class='ocrx_word' id='word_1_378' title='bbox 1960 897 1995 925; x_wconf 91' lang='lat' dir='ltr'>et</span> <span class='ocrx_word' id='word_1_379' title='bbox 2013 889 2162 926; x_wconf 86' lang='lat' dir='ltr'>affectio</span> <span class='ocrx_word' id='word_1_380' title='bbox 2189 890 2256 926; x_wconf 86' lang='lat' dir='ltr'>fuit</span> <span class='ocrx_word' id='word_1_381' title='bbox 2275 890 2475 928; x_wconf 88' lang='lat' dir='ltr'>immorata</span> 
     </span>
     <span class='ocr_line' id='line_1_66' title="bbox 1415 939 2476 986; baseline 0.006 -11"><span class='ocrx_word' id='word_1_382' title='bbox 1415 939 1453 975; x_wconf 91' lang='lat' dir='ltr'>in</span> <span class='ocrx_word' id='word_1_383' title='bbox 1481 939 1685 986; x_wconf 88' lang='lat' dir='ltr'>vigilando.</span> <span class='ocrx_word' id='word_1_384' title='bbox 1716 941 1764 976; x_wconf 90' lang='lat' dir='ltr'>Et</span> <span class='ocrx_word' id='word_1_385' title='bbox 1791 941 1874 977; x_wconf 89' lang='lat' dir='ltr'>talis</span> <span class='ocrx_word' id='word_1_386' title='bbox 1905 954 2018 978; x_wconf 93' lang='lat' dir='ltr'>causa</span> <span class='ocrx_word' id='word_1_387' title='bbox 2047 942 2285 979; x_wconf 88' lang='lat' dir='ltr'>somniorum</span> <span class='ocrx_word' id='word_1_388' title='bbox 2314 955 2390 980; x_wconf 88' lang='lat' dir='ltr'>non</span> <span class='ocrx_word' id='word_1_389' title='bbox 2421 952 2476 981; x_wconf 90' lang='lat' dir='ltr'>est</span> 
     </span>
     <span class='ocr_line' id='line_1_67' title="bbox 1417 992 2476 1034; baseline 0.006 -6"><span class='ocrx_word' id='word_1_390' title='bbox 1417 1004 1531 1028; x_wconf 91' lang='lat' dir='ltr'>causa</span> <span class='ocrx_word' id='word_1_391' title='bbox 1559 992 1772 1029; x_wconf 84' lang='lat' dir='ltr'>futurorum</span> <span class='ocrx_word' id='word_1_392' title='bbox 1793 1001 2013 1031; x_wconf 86' lang='lat' dir='ltr'>eventuum.</span> <span class='ocrx_word' id='word_1_393' title='bbox 2042 995 2153 1031; x_wconf 91' lang='lat' dir='ltr'>Unde</span> <span class='ocrx_word' id='word_1_394' title='bbox 2172 996 2392 1034; x_wconf 88' lang='lat' dir='ltr'>huiusmodi</span> <span class='ocrx_word' id='word_1_395' title='bbox 2415 1010 2476 1034; x_wconf 90' lang='lat' dir='ltr'>so-</span> 
     </span>
     <span class='ocr_line' id='line_1_68' title="bbox 1417 1044 2474 1093; baseline 0.006 -12"><span class='ocrx_word' id='word_1_396' title='bbox 1417 1044 1521 1081; x_wconf 89' lang='lat' dir='ltr'>mnia</span> <span class='ocrx_word' id='word_1_397' title='bbox 1540 1057 1608 1093; x_wconf 90' lang='lat' dir='ltr'>per</span> <span class='ocrx_word' id='word_1_398' title='bbox 1627 1046 1802 1082; x_wconf 87' lang='lat' dir='ltr'>accidens</span> <span class='ocrx_word' id='word_1_399' title='bbox 1822 1058 1862 1082; x_wconf 90' lang='lat' dir='ltr'>se</span> <span class='ocrx_word' id='word_1_400' title='bbox 1890 1047 2032 1083; x_wconf 90' lang='lat' dir='ltr'>habent</span> <span class='ocrx_word' id='word_1_401' title='bbox 2059 1047 2108 1084; x_wconf 90' lang='lat' dir='ltr'>ad</span> <span class='ocrx_word' id='word_1_402' title='bbox 2126 1048 2271 1085; x_wconf 86' lang='lat' dir='ltr'>futuros</span> <span class='ocrx_word' id='word_1_403' title='bbox 2300 1057 2474 1087; x_wconf 89' lang='lat' dir='ltr'>eventus:</span> 
     </span>
     <span class='ocr_line' id='line_1_69' title="bbox 1418 1097 2474 1147; baseline 0.005 -13"><span class='ocrx_word' id='word_1_404' title='bbox 1418 1105 1455 1134; x_wconf 94' lang='lat' dir='ltr'>et</span> <span class='ocrx_word' id='word_1_405' title='bbox 1474 1097 1504 1134; x_wconf 91' lang='lat' dir='ltr'>si</span> <span class='ocrx_word' id='word_1_406' title='bbox 1523 1098 1755 1146; x_wconf 87' lang='lat' dir='ltr'>quandoque</span> <span class='ocrx_word' id='word_1_407' title='bbox 1775 1099 1885 1135; x_wconf 92' lang='lat' dir='ltr'>simul</span> <span class='ocrx_word' id='word_1_408' title='bbox 1913 1109 2150 1147; x_wconf 85' lang='lat' dir='ltr'>concurrant,</span> <span class='ocrx_word' id='word_1_409' title='bbox 2172 1101 2239 1137; x_wconf 89' lang='lat' dir='ltr'>erit</span> <span class='ocrx_word' id='word_1_410' title='bbox 2268 1104 2428 1139; x_wconf 89' lang='lat' dir='ltr'>casuale.</span> <span class='ocrx_word' id='word_1_411' title='bbox 2449 1124 2474 1131; x_wconf 96' lang='lat'>-</span> 
     </span>
     <span class='ocr_line' id='line_1_70' title="bbox 1418 1151 2478 1200; baseline 0.005 -13"><span class='ocrx_word' id='word_1_412' title='bbox 1418 1151 1662 1200; x_wconf 84' lang='lat' dir='ltr'>Quandoque</span> <span class='ocrx_word' id='word_1_413' title='bbox 1682 1163 1775 1188; x_wconf 87' lang='lat' dir='ltr'>vero</span> <span class='ocrx_word' id='word_1_414' title='bbox 1804 1163 1918 1188; x_wconf 88' lang='lat' dir='ltr'>causa</span> <span class='ocrx_word' id='word_1_415' title='bbox 1938 1152 2137 1189; x_wconf 89' lang='lat' dir='ltr'>intrinseca</span> <span class='ocrx_word' id='word_1_416' title='bbox 2156 1154 2394 1191; x_wconf 89' lang='lat' dir='ltr'>somniorum</span> <span class='ocrx_word' id='word_1_417' title='bbox 2424 1164 2478 1192; x_wconf 90' lang='lat' dir='ltr'>est</span> 
     </span>
     <span class='ocr_line' id='line_1_71' title="bbox 1419 1204 2477 1256; baseline 0.005 -16"><span class='ocrx_word' id='word_1_418' title='bbox 1419 1204 1636 1252; x_wconf 86' lang='lat' dir='ltr'>corporalis.</span> <span class='ocrx_word' id='word_1_419' title='bbox 1667 1205 1770 1241; x_wconf 91' lang='lat' dir='ltr'>Nam</span> <span class='ocrx_word' id='word_1_420' title='bbox 1800 1217 1845 1241; x_wconf 89' lang='lat' dir='ltr'>ex</span> <span class='ocrx_word' id='word_1_421' title='bbox 1873 1205 2039 1242; x_wconf 90' lang='lat' dir='ltr'>interiori</span> <span class='ocrx_word' id='word_1_422' title='bbox 2070 1206 2314 1254; x_wconf 87' lang='lat' dir='ltr'>dispositione</span> <span class='ocrx_word' id='word_1_423' title='bbox 2343 1221 2477 1256; x_wconf 93' lang='lat' dir='ltr'>corpo-</span> 
     </span>
    </p>
   </div>
   <div class='ocr_carea' id='block_1_37' title="bbox 1390 1256 2479 1361">
    <p class='ocr_par' dir='ltr' id='par_1_38' title="bbox 1390 1256 2479 1361">
     <span class='ocr_line' id='line_1_72' title="bbox 1390 1256 2478 1307; baseline 0.005 -14"><span class='ocrx_word' id='word_1_424' title='bbox 1390 1271 1391 1278; x_wconf 56' lang='lat'><em>*</em></span> <span class='ocrx_word' id='word_1_425' title='bbox 1418 1256 1466 1293; x_wconf 92' lang='lat' dir='ltr'>ris</span> <span class='ocrx_word' id='word_1_426' title='bbox 1495 1257 1680 1294; x_wconf 87' lang='lat' dir='ltr'>formatur</span> <span class='ocrx_word' id='word_1_427' title='bbox 1717 1257 1850 1306; x_wconf 90' lang='lat' dir='ltr'>aliquis</span> <span class='ocrx_word' id='word_1_428' title='bbox 1879 1266 2006 1295; x_wconf 87' lang='lat' dir='ltr'>motus</span> <span class='ocrx_word' id='word_1_429' title='bbox 2035 1258 2072 1295; x_wconf 92' lang='lat' dir='ltr'>in</span> <span class='ocrx_word' id='word_1_430' title='bbox 2105 1259 2303 1307; x_wconf 89' lang='lat' dir='ltr'>phantasia</span> <span class='ocrx_word' id='word_1_431' title='bbox 2340 1273 2478 1298; x_wconf 90' lang='lat' dir='ltr'>conve-</span> 
     </span>
     <span class='ocr_line' id='line_1_73' title="bbox 1390 1310 2479 1361; baseline 0.005 -15"><span class='ocrx_word' id='word_1_432' title='bbox 1390 1333 1392 1360; x_wconf 68' lang='lat' dir='ltr'>l</span> <span class='ocrx_word' id='word_1_433' title='bbox 1418 1310 1528 1347; x_wconf 86' lang='lat' dir='ltr'>niens</span> <span class='ocrx_word' id='word_1_434' title='bbox 1546 1310 1609 1347; x_wconf 90' lang='lat' dir='ltr'>tali</span> <span class='ocrx_word' id='word_1_435' title='bbox 1630 1310 1885 1359; x_wconf 86' lang='lat' dir='ltr'>dispositioni:</span> <span class='ocrx_word' id='word_1_436' title='bbox 1906 1311 2002 1348; x_wconf 91' lang='lat' dir='ltr'>sicut</span> <span class='ocrx_word' id='word_1_437' title='bbox 2029 1312 2175 1349; x_wconf 92' lang='lat' dir='ltr'>homini</span> <span class='ocrx_word' id='word_1_438' title='bbox 2199 1312 2237 1349; x_wconf 93' lang='lat' dir='ltr'>in</span> <span class='ocrx_word' id='word_1_439' title='bbox 2257 1325 2333 1361; x_wconf 91' lang='lat' dir='ltr'>quo</span> <span class='ocrx_word' id='word_1_440' title='bbox 2362 1314 2479 1351; x_wconf 92' lang='lat' dir='ltr'>abun-</span> 
     </span>
    </p>
   </div>
   <div class='ocr_carea' id='block_1_38' title="bbox 1420 1362 2477 1415">
    <p class='ocr_par' dir='ltr' id='par_1_39' title="bbox 1420 1362 2477 1415">
     <span class='ocr_line' id='line_1_74' title="bbox 1420 1362 2477 1415; baseline 0.003 -15"><span class='ocrx_word' id='word_1_441' title='bbox 1420 1363 1511 1400; x_wconf 91' lang='lat' dir='ltr'>dant</span> <span class='ocrx_word' id='word_1_442' title='bbox 1537 1363 1658 1412; x_wconf 86' lang='lat' dir='ltr'>frigidi</span> <span class='ocrx_word' id='word_1_443' title='bbox 1685 1364 1879 1412; x_wconf 89' lang='lat' dir='ltr'>humores,</span> <span class='ocrx_word' id='word_1_444' title='bbox 1909 1364 2069 1401; x_wconf 88' lang='lat' dir='ltr'>occurrit</span> <span class='ocrx_word' id='word_1_445' title='bbox 2087 1362 2101 1386; x_wconf 63' lang='grc' dir='ltr'><strong>ὅ</strong></span> <span class='ocrx_word' id='word_1_446' title='bbox 2119 1365 2157 1402; x_wconf 90' lang='lat' dir='ltr'>in</span> <span class='ocrx_word' id='word_1_447' title='bbox 2186 1365 2345 1403; x_wconf 89' lang='lat' dir='ltr'>somniis</span> <span class='ocrx_word' id='word_1_448' title='bbox 2372 1367 2477 1415; x_wconf 93' lang='lat' dir='ltr'>quod</span> 
     </span>
    </p>
   </div>
   <div class='ocr_carea' id='block_1_39' title="bbox 1419 1416 2535 1466">
    <p class='ocr_par' dir='ltr' id='par_1_40' title="bbox 1419 1416 2535 1466">
     <span class='ocr_line' id='line_1_75' title="bbox 1419 1416 2535 1466; baseline 0.004 -14"><span class='ocrx_word' id='word_1_449' title='bbox 1419 1416 1466 1452; x_wconf 87' lang='lat' dir='ltr'>sit</span> <span class='ocrx_word' id='word_1_450' title='bbox 1493 1417 1531 1453; x_wconf 90' lang='lat' dir='ltr'>in</span> <span class='ocrx_word' id='word_1_451' title='bbox 1559 1428 1658 1465; x_wconf 90' lang='lat' dir='ltr'>aqua</span> <span class='ocrx_word' id='word_1_452' title='bbox 1689 1418 1752 1453; x_wconf 94' lang='lat' dir='ltr'>vel</span> <span class='ocrx_word' id='word_1_453' title='bbox 1789 1417 1889 1453; x_wconf 92' lang='lat' dir='ltr'>nive.</span> <span class='ocrx_word' id='word_1_454' title='bbox 1929 1418 1978 1454; x_wconf 91' lang='lat' dir='ltr'>Et</span> <span class='ocrx_word' id='word_1_455' title='bbox 2014 1425 2171 1466; x_wconf 90' lang='lat' dir='ltr'>propter</span> <span class='ocrx_word' id='word_1_456' title='bbox 2210 1419 2305 1455; x_wconf 90' lang='lat' dir='ltr'>haec</span> <span class='ocrx_word' id='word_1_457' title='bbox 2343 1420 2480 1457; x_wconf 88' lang='lat' dir='ltr'>medici</span> <span class='ocrx_word' id='word_1_458' title='bbox 2532 1435 2535 1439; x_wconf 83' lang='lat'>·</span> 
     </span>
    </p>
   </div>
   <div class='ocr_carea' id='block_1_40' title="bbox 1421 1469 2482 1625">
    <p class='ocr_par' dir='ltr' id='par_1_41' title="bbox 1421 1469 2482 1625">
     <span class='ocr_line' id='line_1_76' title="bbox 1421 1469 2478 1520; baseline 0.005 -15"><span class='ocrx_word' id='word_1_459' title='bbox 1421 1469 1550 1506; x_wconf 91' lang='lat' dir='ltr'>dicunt</span> <span class='ocrx_word' id='word_1_460' title='bbox 1578 1481 1660 1506; x_wconf 90' lang='lat' dir='ltr'>esse</span> <span class='ocrx_word' id='word_1_461' title='bbox 1689 1469 1963 1507; x_wconf 89' lang='lat' dir='ltr'>intendendum</span> <span class='ocrx_word' id='word_1_462' title='bbox 1992 1471 2150 1507; x_wconf 88' lang='lat' dir='ltr'>somniis</span> <span class='ocrx_word' id='word_1_463' title='bbox 2178 1471 2227 1507; x_wconf 90' lang='lat' dir='ltr'>ad</span> <span class='ocrx_word' id='word_1_464' title='bbox 2248 1483 2478 1520; x_wconf 88' lang='lat' dir='ltr'>cognoscen-</span> 
     </span>
     <span class='ocr_line' id='line_1_77' title="bbox 1421 1522 2478 1572; baseline 0.003 -12"><span class='ocrx_word' id='word_1_465' title='bbox 1421 1523 1515 1560; x_wconf 88' lang='lat' dir='ltr'>dum</span> <span class='ocrx_word' id='word_1_466' title='bbox 1534 1522 1730 1559; x_wconf 90' lang='lat' dir='ltr'>interiores</span> <span class='ocrx_word' id='word_1_467' title='bbox 1751 1522 2027 1572; x_wconf 89' lang='lat' dir='ltr'>dispositiones.</span> <span class='ocrx_word' id='word_1_468' title='bbox 2057 1545 2082 1551; x_wconf 99' lang='lat'>-</span> <span class='ocrx_word' id='word_1_469' title='bbox 2110 1524 2236 1562; x_wconf 89' lang='lat' dir='ltr'>Causa</span> <span class='ocrx_word' id='word_1_470' title='bbox 2260 1532 2388 1562; x_wconf 89' lang='lat' dir='ltr'>autem</span> <span class='ocrx_word' id='word_1_471' title='bbox 2418 1539 2478 1563; x_wconf 93' lang='lat' dir='ltr'>so-</span> 
     </span>
     <span class='ocr_line' id='line_1_78' title="bbox 1421 1574 2482 1625; baseline 0.005 -14"><span class='ocrx_word' id='word_1_472' title='bbox 1421 1574 1614 1612; x_wconf 87' lang='lat' dir='ltr'>mniorum</span> <span class='ocrx_word' id='word_1_473' title='bbox 1651 1575 1810 1612; x_wconf 88' lang='lat' dir='ltr'>exterior</span> <span class='ocrx_word' id='word_1_474' title='bbox 1846 1575 2016 1613; x_wconf 88' lang='lat' dir='ltr'>similiter</span> <span class='ocrx_word' id='word_1_475' title='bbox 2047 1575 2107 1613; x_wconf 55' lang='lat' dir='ltr'>‘est</span> <span class='ocrx_word' id='word_1_476' title='bbox 2147 1577 2304 1625; x_wconf 87' lang='lat' dir='ltr'>duplex:</span> <span class='ocrx_word' id='word_1_477' title='bbox 2343 1578 2482 1616; x_wconf 85' lang='lat' dir='ltr'>seilicet</span> 
     </span>
    </p>
   </div>
   <div class='ocr_carea' id='block_1_41' title="bbox 1392 1627 2481 1679">
    <p class='ocr_par' dir='ltr' id='par_1_42' title="bbox 1392 1627 2481 1679">
     <span class='ocr_line' id='line_1_79' title="bbox 1392 1627 2481 1679; baseline 0.005 -15"><span class='ocrx_word' id='word_1_478' title='bbox 1392 1640 1393 1648; x_wconf 61' lang='lat'>¹</span> <span class='ocrx_word' id='word_1_479' title='bbox 1421 1627 1639 1677; x_wconf 90' lang='lat' dir='ltr'>corporalis,</span> <span class='ocrx_word' id='word_1_480' title='bbox 1670 1635 1706 1665; x_wconf 93' lang='lat' dir='ltr'>et</span> <span class='ocrx_word' id='word_1_481' title='bbox 1733 1628 1945 1677; x_wconf 88' lang='lat' dir='ltr'>spiritualis.</span> <span class='ocrx_word' id='word_1_482' title='bbox 1980 1629 2198 1678; x_wconf 89' lang='lat' dir='ltr'>Corporalis</span> <span class='ocrx_word' id='word_1_483' title='bbox 2230 1630 2398 1679; x_wconf 89' lang='lat' dir='ltr'>quidem,</span> <span class='ocrx_word' id='word_1_484' title='bbox 2426 1632 2481 1669; x_wconf 91' lang='lat' dir='ltr'>in-</span> 
     </span>
    </p>
   </div>
   <div class='ocr_carea' id='block_1_42' title="bbox 1421 1681 2479 1729">
    <p class='ocr_par' dir='ltr' id='par_1_43' title="bbox 1421 1681 2479 1729">
     <span class='ocr_line' id='line_1_80' title="bbox 1421 1681 2479 1729; baseline 0.004 -12"><span class='ocrx_word' id='word_1_485' title='bbox 1421 1689 1604 1729; x_wconf 90' lang='lat' dir='ltr'>quantum</span> <span class='ocrx_word' id='word_1_486' title='bbox 1623 1681 1842 1729; x_wconf 88' lang='lat' dir='ltr'>imaginatio</span> <span class='ocrx_word' id='word_1_487' title='bbox 1863 1681 2084 1718; x_wconf 90' lang='lat' dir='ltr'>dormientis</span> <span class='ocrx_word' id='word_1_488' title='bbox 2110 1683 2332 1720; x_wconf 90' lang='lat' dir='ltr'>immutatur</span> <span class='ocrx_word' id='word_1_489' title='bbox 2349 1685 2412 1720; x_wconf 92' lang='lat' dir='ltr'>vel</span> <span class='ocrx_word' id='word_1_490' title='bbox 2431 1686 2479 1721; x_wconf 90' lang='lat' dir='ltr'>ab</span> 
     </span>
    </p>
   </div>
   <div class='ocr_carea' id='block_1_43' title="bbox 1393 1733 2482 1783">
    <p class='ocr_par' dir='ltr' id='par_1_44' title="bbox 1393 1733 2482 1783">
     <span class='ocr_line' id='line_1_81' title="bbox 1393 1733 2482 1783; baseline 0.004 -13"><span class='ocrx_word' id='word_1_491' title='bbox 1393 1765 1394 1776; x_wconf 64' lang='grc'>,</span> <span class='ocrx_word' id='word_1_492' title='bbox 1421 1746 1508 1771; x_wconf 86' lang='lat' dir='ltr'>aere</span> <span class='ocrx_word' id='word_1_493' title='bbox 1538 1733 1742 1771; x_wconf 90' lang='lat' dir='ltr'>continenti</span> <span class='ocrx_word' id='word_1_494' title='bbox 1762 1735 1825 1771; x_wconf 90' lang='lat' dir='ltr'>vel</span> <span class='ocrx_word' id='word_1_495' title='bbox 1850 1746 1895 1771; x_wconf 91' lang='lat' dir='ltr'>ex</span> <span class='ocrx_word' id='word_1_496' title='bbox 1923 1735 2173 1783; x_wconf 88' lang='lat' dir='ltr'>impressione</span> <span class='ocrx_word' id='word_1_497' title='bbox 2203 1737 2372 1774; x_wconf 88' lang='lat' dir='ltr'>caelestis</span> <span class='ocrx_word' id='word_1_498' title='bbox 2401 1750 2482 1774; x_wconf 91' lang='lat' dir='ltr'>cor-</span> 
     </span>
    </p>
   </div>
   <div class='ocr_carea' id='block_1_44' title="bbox 298 1781 2482 1839">
    <p class='ocr_par' dir='ltr' id='par_1_45' title="bbox 298 1777 2482 1839">
     <span class='ocr_line' id='line_1_82' title="bbox 298 1781 2482 1839; baseline 0.003 -20.013"><span class='ocrx_word' id='word_1_499' title='bbox 298 1781 548 1838; x_wconf 73' lang='lat' dir='ltr'>’experiuntur</span> <span class='ocrx_word' id='word_1_500' title='bbox 574 1784 724 1821; x_wconf 84' lang='lat' dir='ltr'>somnia</span> <span class='ocrx_word' id='word_1_501' title='bbox 751 1785 894 1821; x_wconf 88' lang='lat' dir='ltr'>habere</span> <span class='ocrx_word' id='word_1_502' title='bbox 922 1784 1090 1833; x_wconf 87' lang='lat' dir='ltr'>aliquam</span> <span class='ocrx_word' id='word_1_503' title='bbox 1126 1785 1365 1833; x_wconf 84' lang='lat' dir='ltr'>significatio-</span> <span class='ocrx_word' id='word_1_504' title='bbox 1419 1787 1536 1836; x_wconf 88' lang='lat' dir='ltr'>poris,</span> <span class='ocrx_word' id='word_1_505' title='bbox 1564 1794 1606 1824; x_wconf 89' lang='lat' dir='ltr'>ut</span> <span class='ocrx_word' id='word_1_506' title='bbox 1634 1787 1686 1824; x_wconf 87' lang='lat' dir='ltr'>sic</span> <span class='ocrx_word' id='word_1_507' title='bbox 1715 1787 1918 1824; x_wconf 86' lang='lat' dir='ltr'>dormienti</span> <span class='ocrx_word' id='word_1_508' title='bbox 1947 1788 2094 1837; x_wconf 87' lang='lat' dir='ltr'>aliquae</span> <span class='ocrx_word' id='word_1_509' title='bbox 2118 1789 2339 1837; x_wconf 90' lang='lat' dir='ltr'>phantasiae</span> <span class='ocrx_word' id='word_1_510' title='bbox 2368 1802 2482 1839; x_wconf 87' lang='lat' dir='ltr'>appa-</span> 
     </span>
    </p>
   </div>
   <div class='ocr_carea' id='block_1_45' title="bbox 1421 1841 2480 1892">
    <p class='ocr_par' dir='ltr' id='par_1_46' title="bbox 1421 1841 2480 1892">
     <span class='ocr_line' id='line_1_83' title="bbox 1421 1841 2480 1892; baseline 0.002 -14"><span class='ocrx_word' id='word_1_511' title='bbox 1421 1848 1529 1878; x_wconf 88' lang='lat' dir='ltr'>reant</span> <span class='ocrx_word' id='word_1_512' title='bbox 1557 1841 1774 1878; x_wconf 86' lang='lat' dir='ltr'>conformes</span> <span class='ocrx_word' id='word_1_513' title='bbox 1803 1841 2024 1878; x_wconf 89' lang='lat' dir='ltr'>caelestium</span> <span class='ocrx_word' id='word_1_514' title='bbox 2054 1841 2291 1890; x_wconf 90' lang='lat' dir='ltr'>dispositioni</span> <span class='ocrx_word' id='word_1_515' title='bbox 2308 1847 2333 1878; x_wconf 76' lang='lat'>⁸.</span> <span class='ocrx_word' id='word_1_516' title='bbox 2352 1864 2376 1870; x_wconf 99' lang='lat'>-</span> <span class='ocrx_word' id='word_1_517' title='bbox 2397 1843 2480 1892; x_wconf 92' lang='lat' dir='ltr'>Spi-</span> 
     </span>
    </p>
   </div>
   <div class='ocr_carea' id='block_1_46' title="bbox 307 1893 2484 2161">
    <p class='ocr_par' dir='ltr' id='par_1_47' title="bbox 307 1893 2484 2161">
     <span class='ocr_line' id='line_1_84' title="bbox 1394 1893 2482 1944; baseline 0.003 -14"><span class='ocrx_word' id='word_1_518' title='bbox 1394 1921 1395 1940; x_wconf 44' lang='lat'>;</span> <span class='ocrx_word' id='word_1_519' title='bbox 1421 1893 1562 1930; x_wconf 87' lang='lat' dir='ltr'>ritualis</span> <span class='ocrx_word' id='word_1_520' title='bbox 1599 1901 1727 1930; x_wconf 88' lang='lat' dir='ltr'>autem</span> <span class='ocrx_word' id='word_1_521' title='bbox 1766 1906 1879 1931; x_wconf 91' lang='lat' dir='ltr'>causa</span> <span class='ocrx_word' id='word_1_522' title='bbox 1919 1901 1974 1931; x_wconf 89' lang='lat' dir='ltr'>est</span> <span class='ocrx_word' id='word_1_523' title='bbox 2010 1895 2242 1943; x_wconf 89' lang='lat' dir='ltr'>quandoque</span> <span class='ocrx_word' id='word_1_524' title='bbox 2279 1895 2434 1944; x_wconf 89' lang='lat' dir='ltr'>quidem</span> <span class='ocrx_word' id='word_1_525' title='bbox 2460 1909 2482 1933; x_wconf 90' lang='lat' dir='ltr'>a</span> 
     </span>
     <span class='ocr_line' id='line_1_85' title="bbox 1394 1946 2483 1996; baseline 0.004 -14"><span class='ocrx_word' id='word_1_526' title='bbox 1394 1949 1396 1994; x_wconf 59' lang='grc' dir='ltr'>ἶ</span> <span class='ocrx_word' id='word_1_527' title='bbox 1421 1948 1519 1993; x_wconf 87' lang='lat' dir='ltr'>Deo,</span> <span class='ocrx_word' id='word_1_528' title='bbox 1550 1946 1614 1995; x_wconf 91' lang='lat' dir='ltr'>qui</span> <span class='ocrx_word' id='word_1_529' title='bbox 1642 1946 1848 1984; x_wconf 86' lang='lat' dir='ltr'>ministerio</span> <span class='ocrx_word' id='word_1_530' title='bbox 1878 1948 2101 1995; x_wconf 87' lang='lat' dir='ltr'>angelorum</span> <span class='ocrx_word' id='word_1_531' title='bbox 2121 1947 2246 1996; x_wconf 89' lang='lat' dir='ltr'>aliqua</span> <span class='ocrx_word' id='word_1_532' title='bbox 2265 1948 2483 1986; x_wconf 91' lang='lat' dir='ltr'>hominibus</span> 
     </span>
     <span class='ocr_line' id='line_1_86' title="bbox 307 1995 1409 2056; baseline 0.003 -24"><span class='ocrx_word' id='word_1_533' title='bbox 307 2011 310 2013; x_wconf 49' lang='grc'>“</span> <span class='ocrx_word' id='word_1_534' title='bbox 358 1995 434 2033; x_wconf 70' lang='lat' dir='ltr'>Sim</span> <span class='ocrx_word' id='word_1_535' title='bbox 457 2006 604 2032; x_wconf 64' lang='lat' dir='ltr'>com-na</span> <span class='ocrx_word' id='word_1_536' title='bbox 621 2006 688 2032; x_wconf 79' lang='lat' dir='ltr'>EST</span> <span class='ocrx_word' id='word_1_537' title='bbox 707 1997 811 2056; x_wconf 86' lang='lat' dir='ltr'>quod</span> <span class='ocrx_word' id='word_1_538' title='bbox 831 1996 966 2033; x_wconf 90' lang='lat' dir='ltr'>dicitur</span> <span class='ocrx_word' id='word_1_539' title='bbox 982 1997 1094 2034; x_wconf 89' lang='lat' dir='ltr'>Deut.</span> <span class='ocrx_word' id='word_1_540' title='bbox 1114 2009 1199 2034; x_wconf 85' lang='lat' dir='ltr'>xvm</span> <span class='ocrx_word' id='word_1_541' title='bbox 1217 1997 1255 2035; x_wconf 72' lang='grc' dir='ltr'>*ε</span> <span class='ocrx_word' id='word_1_542' title='bbox 1276 1998 1368 2034; x_wconf 92' lang='lat' dir='ltr'>Non</span> <span class='ocrx_word' id='word_1_543' title='bbox 1394 1996 1409 2022; x_wconf 56' lang='grc' dir='ltr'><em>Γ</em></span> 
     </span>
     <span class='ocr_line' id='line_1_87' title="bbox 1395 2053 2484 2102; baseline 0.003 -13"><span class='ocrx_word' id='word_1_544' title='bbox 1395 2054 1396 2084; x_wconf 62' lang='grc' dir='ltr'>ἒ</span> <span class='ocrx_word' id='word_1_545' title='bbox 1422 2053 1463 2090; x_wconf 89' lang='lat' dir='ltr'>Si</span> <span class='ocrx_word' id='word_1_546' title='bbox 1477 2053 1558 2102; x_wconf 80' lang='lat' dir='ltr'>quis</span> <span class='ocrx_word' id='word_1_547' title='bbox 1566 2053 1692 2101; x_wconf 85' lang='lat' dir='ltr'>fuerit</span> <span class='ocrx_word' id='word_1_548' title='bbox 1705 2054 1801 2090; x_wconf 88' lang='lat' dir='ltr'>inter</span> <span class='ocrx_word' id='word_1_549' title='bbox 1817 2064 1884 2090; x_wconf 77' lang='lat' dir='ltr'>vos</span> <span class='ocrx_word' id='word_1_550' title='bbox 1896 2054 2082 2102; x_wconf 85' lang='lat' dir='ltr'>propheta</span> <span class='ocrx_word' id='word_1_551' title='bbox 2096 2054 2264 2100; x_wconf 86' lang='lat' dir='ltr'>Domini,</span> <span class='ocrx_word' id='word_1_552' title='bbox 2285 2053 2322 2091; x_wconf 88' lang='lat' dir='ltr'>in</span> <span class='ocrx_word' id='word_1_553' title='bbox 2342 2055 2484 2092; x_wconf 77' lang='lat' dir='ltr'>visione</span> 
     </span>
     <span class='ocr_line' id='line_1_88' title="bbox 1395 2106 2482 2161; baseline 0.001 -17"><span class='ocrx_word' id='word_1_554' title='bbox 1395 2150 1396 2161; x_wconf 13' lang='grc' dir='ltr'>ἵ</span> <span class='ocrx_word' id='word_1_555' title='bbox 1422 2106 1612 2154; x_wconf 83' lang='lat' dir='ltr'>apparebo</span> <span class='ocrx_word' id='word_1_556' title='bbox 1641 2106 1692 2152; x_wconf 83' lang='lat' dir='ltr'>ei,</span> <span class='ocrx_word' id='word_1_557' title='bbox 1721 2106 1782 2143; x_wconf 80' lang='lat' dir='ltr'>vel</span> <span class='ocrx_word' id='word_1_558' title='bbox 1801 2118 1875 2155; x_wconf 83' lang='lat' dir='ltr'>per</span> <span class='ocrx_word' id='word_1_559' title='bbox 1900 2107 2088 2143; x_wconf 85' lang='lat' dir='ltr'>somnium</span> <span class='ocrx_word' id='word_1_560' title='bbox 2125 2107 2262 2156; x_wconf 84' lang='lat' dir='ltr'>loquar</span> <span class='ocrx_word' id='word_1_561' title='bbox 2288 2109 2339 2145; x_wconf 85' lang='lat' dir='ltr'>ad</span> <span class='ocrx_word' id='word_1_562' title='bbox 2365 2108 2482 2146; x_wconf 89' lang='lat' dir='ltr'>illum.</span> 
     </span>
    </p>
   </div>
   <div class='ocr_carea' id='block_1_47' title="bbox 303 2159 2483 2259">
    <p class='ocr_par' dir='ltr' id='par_1_48' title="bbox 303 2159 2483 2259">
     <span class='ocr_line' id='line_1_89' title="bbox 1395 2159 2483 2209; baseline 0 -11"><span class='ocrx_word' id='word_1_563' title='bbox 1395 2175 1396 2198; x_wconf 75' lang='lat'>1</span> <span class='ocrx_word' id='word_1_564' title='bbox 1424 2159 1668 2207; x_wconf 89' lang='lat' dir='ltr'>Quandoque</span> <span class='ocrx_word' id='word_1_565' title='bbox 1696 2171 1790 2196; x_wconf 89' lang='lat' dir='ltr'>vero</span> <span class='ocrx_word' id='word_1_566' title='bbox 1820 2159 2042 2208; x_wconf 89' lang='lat' dir='ltr'>operatione</span> <span class='ocrx_word' id='word_1_567' title='bbox 2071 2160 2306 2198; x_wconf 89' lang='lat' dir='ltr'>daemonum</span> <span class='ocrx_word' id='word_1_568' title='bbox 2334 2161 2483 2209; x_wconf 89' lang='lat' dir='ltr'>aliquae</span> 
     </span>
     <span class='ocr_line' id='line_1_90' title="bbox 303 2207 1397 2259; baseline 0.005 -16"><span class='ocrx_word' id='word_1_569' title='bbox 303 2207 525 2256; x_wconf 77' lang='lat' dir='ltr'>perstitiosa</span> <span class='ocrx_word' id='word_1_570' title='bbox 546 2215 583 2244; x_wconf 85' lang='lat' dir='ltr'>et</span> <span class='ocrx_word' id='word_1_571' title='bbox 616 2207 751 2245; x_wconf 89' lang='lat' dir='ltr'>illicita.</span> <span class='ocrx_word' id='word_1_572' title='bbox 789 2209 880 2245; x_wconf 88' lang='lat' dir='ltr'>Ideo</span> <span class='ocrx_word' id='word_1_573' title='bbox 900 2207 916 2238; x_wconf 73' lang='grc' dir='ltr'><strong>β</strong></span> <span class='ocrx_word' id='word_1_574' title='bbox 944 2209 1185 2247; x_wconf 89' lang='lat' dir='ltr'>considerare</span> <span class='ocrx_word' id='word_1_575' title='bbox 1221 2218 1370 2259; x_wconf 88' lang='lat' dir='ltr'>oportet</span> <span class='ocrx_word' id='word_1_576' title='bbox 1395 2213 1397 2249; x_wconf 64' lang='grc' dir='ltr'>ὲ</span> 
     </span>
    </p>
   </div>
   <div class='ocr_carea' id='block_1_48' title="bbox 304 2260 2483 2315">
    <p class='ocr_par' dir='ltr' id='par_1_49' title="bbox 304 2260 2483 2315">
     <span class='ocr_line' id='line_1_91' title="bbox 304 2260 2483 2315; baseline 0.003 -18"><span class='ocrx_word' id='word_1_577' title='bbox 304 2260 398 2309; x_wconf 86' lang='lat' dir='ltr'>quid</span> <span class='ocrx_word' id='word_1_578' title='bbox 426 2261 472 2298; x_wconf 87' lang='lat' dir='ltr'>sit</span> <span class='ocrx_word' id='word_1_579' title='bbox 497 2272 635 2297; x_wconf 86' lang='lat' dir='ltr'>verum</span> <span class='ocrx_word' id='word_1_580' title='bbox 656 2261 755 2298; x_wconf 88' lang='lat' dir='ltr'>circa</span> <span class='ocrx_word' id='word_1_581' title='bbox 779 2261 1127 2311; x_wconf 85' lang='lat' dir='ltr'>praecognitionem</span> <span class='ocrx_word' id='word_1_582' title='bbox 1155 2263 1369 2300; x_wconf 87' lang='lat' dir='ltr'>futurorum</span> <span class='ocrx_word' id='word_1_583' title='bbox 1395 2267 1397 2309; x_wconf 71' lang='grc' dir='ltr'><em>ῗ</em></span> <span class='ocrx_word' id='word_1_584' title='bbox 1423 2265 1657 2314; x_wconf 80' lang='lat' dir='ltr'>quandoque</span> <span class='ocrx_word' id='word_1_585' title='bbox 1689 2265 1814 2314; x_wconf 86' lang='lat' dir='ltr'>aliqua</span> <span class='ocrx_word' id='word_1_586' title='bbox 1842 2266 1966 2303; x_wconf 86' lang='lat' dir='ltr'>futura</span> <span class='ocrx_word' id='word_1_587' title='bbox 2003 2266 2173 2304; x_wconf 90' lang='lat' dir='ltr'>revelant</span> <span class='ocrx_word' id='word_1_588' title='bbox 2207 2266 2266 2303; x_wconf 91' lang='lat' dir='ltr'>his</span> <span class='ocrx_word' id='word_1_589' title='bbox 2294 2267 2358 2315; x_wconf 89' lang='lat' dir='ltr'>qui</span> <span class='ocrx_word' id='word_1_590' title='bbox 2395 2280 2483 2304; x_wconf 89' lang='lat' dir='ltr'>cum</span> 
     </span>
    </p>
   </div>
   <div class='ocr_carea' id='block_1_49' title="bbox 307 2313 1397 2353">
    <p class='ocr_par' dir='ltr' id='par_1_50' title="bbox 307 2313 1397 2353">
     <span class='ocr_line' id='line_1_92' title="bbox 307 2313 1397 2353; baseline 0.003 -3"><span class='ocrx_word' id='word_1_591' title='bbox 307 2313 354 2351; x_wconf 86' lang='lat' dir='ltr'>de</span> <span class='ocrx_word' id='word_1_592' title='bbox 383 2313 551 2350; x_wconf 87' lang='lat' dir='ltr'>somniis.</span> <span class='ocrx_word' id='word_1_593' title='bbox 582 2313 679 2351; x_wconf 91' lang='lat' dir='ltr'>Sunt</span> <span class='ocrx_word' id='word_1_594' title='bbox 697 2318 825 2351; x_wconf 84' lang='lat' dir='ltr'>autem</span> <span class='ocrx_word' id='word_1_595' title='bbox 846 2315 996 2352; x_wconf 87' lang='lat' dir='ltr'>somnia</span> <span class='ocrx_word' id='word_1_596' title='bbox 1016 2316 1229 2353; x_wconf 89' lang='lat' dir='ltr'>futurorum</span> <span class='ocrx_word' id='word_1_597' title='bbox 1255 2328 1370 2353; x_wconf 89' lang='lat' dir='ltr'>even·</span> <span class='ocrx_word' id='word_1_598' title='bbox 1395 2323 1397 2343; x_wconf 52' lang='lat' dir='ltr'>l</span> 
     </span>
    </p>
   </div>
   <div class='ocr_carea' id='block_1_50' title="bbox 1422 1999 2481 2039">
    <p class='ocr_par' dir='ltr' id='par_1_51' title="bbox 1422 1999 2481 2039">
     <span class='ocr_line' id='line_1_93' title="bbox 1422 1999 2481 2039; baseline 0.003 -3"><span class='ocrx_word' id='word_1_599' title='bbox 1422 2000 1565 2036; x_wconf 91' lang='lat' dir='ltr'>revelat</span> <span class='ocrx_word' id='word_1_600' title='bbox 1594 2000 1630 2036; x_wconf 90' lang='lat' dir='ltr'>in</span> <span class='ocrx_word' id='word_1_601' title='bbox 1659 1999 1839 2037; x_wconf 88' lang='lat' dir='ltr'>somniis:</span> <span class='ocrx_word' id='word_1_602' title='bbox 1870 2000 2082 2037; x_wconf 89' lang='lat' dir='ltr'>secundum</span> <span class='ocrx_word' id='word_1_603' title='bbox 2110 2000 2200 2038; x_wconf 91' lang='lat' dir='ltr'>illud</span> <span class='ocrx_word' id='word_1_604' title='bbox 2226 2001 2346 2039; x_wconf 87' lang='lat' dir='ltr'>Num.</span> <span class='ocrx_word' id='word_1_605' title='bbox 2376 2014 2423 2039; x_wconf 88' lang='lat' dir='ltr'>xn</span> <span class='ocrx_word' id='word_1_606' title='bbox 2442 2002 2481 2038; x_wconf 72' lang='grc' dir='ltr'>*ε</span> 
     </span>
    </p>
   </div>
   <div class='ocr_carea' id='block_1_51' title="bbox 1422 2211 2484 2263">
    <p class='ocr_par' dir='ltr' id='par_1_52' title="bbox 1422 2211 2484 2263">
     <span class='ocr_line' id='line_1_94' title="bbox 1422 2211 2484 2263; baseline 0.003 -15"><span class='ocrx_word' id='word_1_607' title='bbox 1422 2211 1644 2261; x_wconf 84' lang='lat' dir='ltr'>phantasiae</span> <span class='ocrx_word' id='word_1_608' title='bbox 1687 2212 1962 2249; x_wconf 87' lang='lat' dir='ltr'>dormientibus</span> <span class='ocrx_word' id='word_1_609' title='bbox 2009 2220 2217 2261; x_wconf 89' lang='lat' dir='ltr'>apparent,</span> <span class='ocrx_word' id='word_1_610' title='bbox 2261 2226 2306 2250; x_wconf 90' lang='lat' dir='ltr'>ex</span> <span class='ocrx_word' id='word_1_611' title='bbox 2347 2215 2484 2263; x_wconf 90' lang='lat' dir='ltr'>quibus</span> 
     </span>
    </p>
   </div>
   <div class='ocr_carea' id='block_1_52' title="bbox 1423 2317 2484 2420">
    <p class='ocr_par' dir='ltr' id='par_1_53' title="bbox 1423 2317 2484 2420">
     <span class='ocr_line' id='line_1_95' title="bbox 1423 2317 1949 2367; baseline 0 -11"><span class='ocrx_word' id='word_1_612' title='bbox 1423 2318 1476 2357; x_wconf 90' lang='lat' dir='ltr'>eis</span> <span class='ocrx_word' id='word_1_613' title='bbox 1504 2317 1647 2355; x_wconf 86' lang='lat' dir='ltr'>habent</span> <span class='ocrx_word' id='word_1_614' title='bbox 1674 2325 1786 2367; x_wconf 90' lang='lat' dir='ltr'>pacta</span> <span class='ocrx_word' id='word_1_615' title='bbox 1813 2318 1949 2356; x_wconf 87' lang='lat' dir='ltr'>illicita.</span> 
     </span>
     <span class='ocr_line' id='line_1_96' title="bbox 1477 2370 2484 2420; baseline 0.002 -12"><span class='ocrx_word' id='word_1_616' title='bbox 1477 2370 1540 2408; x_wconf 89' lang='lat' dir='ltr'>Sic</span> <span class='ocrx_word' id='word_1_617' title='bbox 1559 2383 1648 2419; x_wconf 87' lang='lat' dir='ltr'>ergo</span> <span class='ocrx_word' id='word_1_618' title='bbox 1670 2371 1876 2408; x_wconf 88' lang='lat' dir='ltr'>dicendum</span> <span class='ocrx_word' id='word_1_619' title='bbox 1896 2372 2001 2420; x_wconf 94' lang='lat' dir='ltr'>quod</span> <span class='ocrx_word' id='word_1_620' title='bbox 2021 2372 2052 2409; x_wconf 89' lang='lat' dir='ltr'>si</span> <span class='ocrx_word' id='word_1_621' title='bbox 2069 2371 2154 2419; x_wconf 91' lang='lat' dir='ltr'>quis</span> <span class='ocrx_word' id='word_1_622' title='bbox 2181 2379 2307 2408; x_wconf 88' lang='lat' dir='ltr'>utatur</span> <span class='ocrx_word' id='word_1_623' title='bbox 2326 2372 2484 2410; x_wconf 90' lang='lat' dir='ltr'>somniis</span> 
     </span>
    </p>
   </div>
   <div class='ocr_carea' id='block_1_53' title="bbox 1395 2424 2485 2478">
    <p class='ocr_par' dir='ltr' id='par_1_54' title="bbox 1395 2424 2485 2478">
     <span class='ocr_line' id='line_1_97' title="bbox 1395 2424 2485 2478; baseline 0.001 -17"><span class='ocrx_word' id='word_1_624' title='bbox 1395 2465 1396 2478; x_wconf 15' lang='grc' dir='ltr'><strong>χ</strong></span> <span class='ocrx_word' id='word_1_625' title='bbox 1423 2424 1472 2461; x_wconf 84' lang='lat' dir='ltr'>ad</span> <span class='ocrx_word' id='word_1_626' title='bbox 1500 2425 1862 2472; x_wconf 90' lang='lat' dir='ltr'>praecognoscenda</span> <span class='ocrx_word' id='word_1_627' title='bbox 1890 2426 2014 2462; x_wconf 84' lang='lat' dir='ltr'>futura</span> <span class='ocrx_word' id='word_1_628' title='bbox 2050 2427 2263 2462; x_wconf 88' lang='lat' dir='ltr'>secundum</span> <span class='ocrx_word' id='word_1_629' title='bbox 2293 2426 2398 2472; x_wconf 93' lang='lat' dir='ltr'>quod</span> <span class='ocrx_word' id='word_1_630' title='bbox 2426 2438 2485 2462; x_wconf 89' lang='lat' dir='ltr'>so·</span> 
     </span>
    </p>
   </div>
   <div class='ocr_carea' id='block_1_54' title="bbox 1422 2477 2487 2728">
    <p class='ocr_par' dir='ltr' id='par_1_55' title="bbox 1422 2477 2487 2728">
     <span class='ocr_line' id='line_1_98' title="bbox 1423 2477 2485 2526; baseline 0.002 -13"><span class='ocrx_word' id='word_1_631' title='bbox 1423 2477 1528 2513; x_wconf 92' lang='lat' dir='ltr'>mnia</span> <span class='ocrx_word' id='word_1_632' title='bbox 1564 2478 1778 2526; x_wconf 90' lang='lat' dir='ltr'>procedunt</span> <span class='ocrx_word' id='word_1_633' title='bbox 1811 2490 1856 2514; x_wconf 88' lang='lat' dir='ltr'>ex</span> <span class='ocrx_word' id='word_1_634' title='bbox 1894 2477 2126 2515; x_wconf 87' lang='lat' dir='ltr'>revelatione</span> <span class='ocrx_word' id='word_1_635' title='bbox 2164 2478 2312 2523; x_wconf 90' lang='lat' dir='ltr'>divina;</span> <span class='ocrx_word' id='word_1_636' title='bbox 2341 2479 2403 2515; x_wconf 90' lang='lat' dir='ltr'>vel</span> <span class='ocrx_word' id='word_1_637' title='bbox 2441 2490 2485 2515; x_wconf 91' lang='lat' dir='ltr'>ex</span> 
     </span>
     <span class='ocr_line' id='line_1_99' title="bbox 1424 2530 2486 2580; baseline 0 -13"><span class='ocrx_word' id='word_1_638' title='bbox 1424 2542 1539 2567; x_wconf 91' lang='lat' dir='ltr'>causa</span> <span class='ocrx_word' id='word_1_639' title='bbox 1566 2530 1747 2577; x_wconf 87' lang='lat' dir='ltr'>naturali,</span> <span class='ocrx_word' id='word_1_640' title='bbox 1777 2530 1976 2568; x_wconf 84' lang='lat' dir='ltr'>intrinseca</span> <span class='ocrx_word' id='word_1_641' title='bbox 2005 2531 2085 2567; x_wconf 91' lang='lat' dir='ltr'>sive</span> <span class='ocrx_word' id='word_1_642' title='bbox 2115 2530 2339 2578; x_wconf 88' lang='lat' dir='ltr'>extrinseca,</span> <span class='ocrx_word' id='word_1_643' title='bbox 2370 2544 2486 2580; x_wconf 92' lang='lat' dir='ltr'>quan-</span> 
     </span>
     <span class='ocr_line' id='line_1_100' title="bbox 1422 2583 2487 2632; baseline 0.001 -12"><span class='ocrx_word' id='word_1_644' title='bbox 1422 2590 1503 2620; x_wconf 90' lang='lat' dir='ltr'>tum</span> <span class='ocrx_word' id='word_1_645' title='bbox 1527 2595 1567 2620; x_wconf 90' lang='lat' dir='ltr'>se</span> <span class='ocrx_word' id='word_1_646' title='bbox 1586 2591 1711 2632; x_wconf 88' lang='lat' dir='ltr'>potest</span> <span class='ocrx_word' id='word_1_647' title='bbox 1729 2584 1848 2620; x_wconf 92' lang='lat' dir='ltr'>virtus</span> <span class='ocrx_word' id='word_1_648' title='bbox 1867 2584 1949 2621; x_wconf 90' lang='lat' dir='ltr'>talis</span> <span class='ocrx_word' id='word_1_649' title='bbox 1969 2596 2106 2620; x_wconf 89' lang='lat' dir='ltr'>causae</span> <span class='ocrx_word' id='word_1_650' title='bbox 2126 2583 2137 2609; x_wconf 68' lang='lat' dir='ltr'>t</span> <span class='ocrx_word' id='word_1_651' title='bbox 2157 2584 2378 2621; x_wconf 84' lang='lat' dir='ltr'>extendere:</span> <span class='ocrx_word' id='word_1_652' title='bbox 2408 2597 2487 2622; x_wconf 91' lang='lat' dir='ltr'>non</span> 
     </span>
     <span class='ocr_line' id='line_1_101' title="bbox 1424 2636 2486 2675; baseline 0.002 -3"><span class='ocrx_word' id='word_1_653' title='bbox 1424 2636 1492 2672; x_wconf 84' lang='lat' dir='ltr'>erit</span> <span class='ocrx_word' id='word_1_654' title='bbox 1519 2636 1644 2673; x_wconf 90' lang='lat' dir='ltr'>illicita</span> <span class='ocrx_word' id='word_1_655' title='bbox 1673 2636 1867 2674; x_wconf 89' lang='lat' dir='ltr'>divinatio.</span> <span class='ocrx_word' id='word_1_656' title='bbox 1900 2637 1939 2674; x_wconf 89' lang='lat' dir='ltr'>Si</span> <span class='ocrx_word' id='word_1_657' title='bbox 1967 2643 2094 2674; x_wconf 89' lang='lat' dir='ltr'>autern</span> <span class='ocrx_word' id='word_1_658' title='bbox 2133 2637 2351 2674; x_wconf 90' lang='lat' dir='ltr'>huiusmodi</span> <span class='ocrx_word' id='word_1_659' title='bbox 2392 2638 2486 2675; x_wconf 91' lang='lat' dir='ltr'>divi-</span> 
     </span>
     <span class='ocr_line' id='line_1_102' title="bbox 1422 2689 2485 2728; baseline 0.002 -2"><span class='ocrx_word' id='word_1_660' title='bbox 1422 2689 1524 2726; x_wconf 89' lang='lat' dir='ltr'>natio</span> <span class='ocrx_word' id='word_1_661' title='bbox 1563 2697 1739 2727; x_wconf 89' lang='lat' dir='ltr'>causetur</span> <span class='ocrx_word' id='word_1_662' title='bbox 1777 2702 1821 2726; x_wconf 87' lang='lat' dir='ltr'>ex</span> <span class='ocrx_word' id='word_1_663' title='bbox 1859 2691 2090 2727; x_wconf 90' lang='lat' dir='ltr'>revelatione</span> <span class='ocrx_word' id='word_1_664' title='bbox 2129 2690 2361 2727; x_wconf 90' lang='lat' dir='ltr'>daemonum</span> <span class='ocrx_word' id='word_1_665' title='bbox 2397 2703 2485 2728; x_wconf 90' lang='lat' dir='ltr'>cum</span> 
     </span>
    </p>
   </div>
   <div class='ocr_carea' id='block_1_55' title="bbox 1394 2742 2486 2791">
    <p class='ocr_par' dir='ltr' id='par_1_56' title="bbox 1394 2742 2486 2791">
     <span class='ocr_line' id='line_1_103' title="bbox 1394 2742 2486 2791; baseline -0.001 -11"><span class='ocrx_word' id='word_1_666' title='bbox 1394 2771 1395 2780; x_wconf 62' lang='grc'>,</span> <span class='ocrx_word' id='word_1_667' title='bbox 1423 2742 1561 2790; x_wconf 91' lang='lat' dir='ltr'>quibus</span> <span class='ocrx_word' id='word_1_668' title='bbox 1589 2750 1699 2791; x_wconf 91' lang='lat' dir='ltr'>pacta</span> <span class='ocrx_word' id='word_1_669' title='bbox 1722 2743 1911 2780; x_wconf 89' lang='lat' dir='ltr'>habentur</span> <span class='ocrx_word' id='word_1_670' title='bbox 1939 2755 2128 2791; x_wconf 86' lang='lat' dir='ltr'>expressa,</span> <span class='ocrx_word' id='word_1_671' title='bbox 2150 2743 2238 2791; x_wconf 91' lang='lat' dir='ltr'>quia</span> <span class='ocrx_word' id='word_1_672' title='bbox 2258 2743 2306 2779; x_wconf 92' lang='lat' dir='ltr'>ad</span> <span class='ocrx_word' id='word_1_673' title='bbox 2330 2744 2405 2779; x_wconf 92' lang='lat' dir='ltr'>hoc</span> <span class='ocrx_word' id='word_1_674' title='bbox 2432 2744 2486 2780; x_wconf 91' lang='lat' dir='ltr'>in-</span> 
     </span>
    </p>
   </div>
   <div class='ocr_carea' id='block_1_56' title="bbox 1422 2796 2484 2844">
    <p class='ocr_par' dir='ltr' id='par_1_57' title="bbox 1422 2796 2484 2844">
     <span class='ocr_line' id='line_1_104' title="bbox 1422 2796 2484 2844; baseline 0.001 -13"><span class='ocrx_word' id='word_1_675' title='bbox 1422 2802 1625 2840; x_wconf 88' lang='lat' dir='ltr'>vocantur;</span> <span class='ocrx_word' id='word_1_676' title='bbox 1662 2796 1725 2832; x_wconf 92' lang='lat' dir='ltr'>vel</span> <span class='ocrx_word' id='word_1_677' title='bbox 1762 2796 1888 2843; x_wconf 88' lang='lat' dir='ltr'>tacita,</span> <span class='ocrx_word' id='word_1_678' title='bbox 1927 2796 2017 2844; x_wconf 92' lang='lat' dir='ltr'>quia</span> <span class='ocrx_word' id='word_1_679' title='bbox 2050 2796 2269 2833; x_wconf 91' lang='lat' dir='ltr'>huiusmodi</span> <span class='ocrx_word' id='word_1_680' title='bbox 2304 2796 2484 2833; x_wconf 90' lang='lat' dir='ltr'>divinatio</span> 
     </span>
    </p>
   </div>
   <div class='ocr_carea' id='block_1_57' title="bbox 1395 2848 2483 2950">
    <p class='ocr_par' dir='ltr' id='par_1_58' title="bbox 1395 2848 2483 2950">
     <span class='ocr_line' id='line_1_105' title="bbox 1395 2848 2483 2900; baseline 0.002 -16"><span class='ocrx_word' id='word_1_681' title='bbox 1395 2887 1396 2900; x_wconf 19' lang='grc' dir='ltr'>ζ</span> <span class='ocrx_word' id='word_1_682' title='bbox 1424 2848 1635 2884; x_wconf 87' lang='lat' dir='ltr'>extenditur</span> <span class='ocrx_word' id='word_1_683' title='bbox 1663 2848 1711 2885; x_wconf 89' lang='lat' dir='ltr'>ad</span> <span class='ocrx_word' id='word_1_684' title='bbox 1740 2850 1844 2897; x_wconf 90' lang='lat' dir='ltr'>quod</span> <span class='ocrx_word' id='word_1_685' title='bbox 1878 2861 1919 2885; x_wconf 91' lang='lat' dir='ltr'>se</span> <span class='ocrx_word' id='word_1_686' title='bbox 1947 2861 2025 2886; x_wconf 90' lang='lat' dir='ltr'>non</span> <span class='ocrx_word' id='word_1_687' title='bbox 2062 2856 2186 2897; x_wconf 90' lang='lat' dir='ltr'>potest</span> <span class='ocrx_word' id='word_1_688' title='bbox 2213 2853 2232 2876; x_wconf 68' lang='grc' dir='ltr'><strong>η</strong></span> <span class='ocrx_word' id='word_1_689' title='bbox 2261 2850 2483 2886; x_wconf 88' lang='lat' dir='ltr'>extendere:</span> 
     </span>
     <span class='ocr_line' id='line_1_106' title="bbox 1395 2900 2218 2950; baseline 0.002 -14"><span class='ocrx_word' id='word_1_690' title='bbox 1395 2902 1396 2910; x_wconf 62' lang='lat'>¹</span> <span class='ocrx_word' id='word_1_691' title='bbox 1423 2900 1491 2936; x_wconf 91' lang='lat' dir='ltr'>erit</span> <span class='ocrx_word' id='word_1_692' title='bbox 1519 2900 1702 2937; x_wconf 88' lang='lat' dir='ltr'>divinatio</span> <span class='ocrx_word' id='word_1_693' title='bbox 1731 2901 1855 2938; x_wconf 89' lang='lat' dir='ltr'>illicita</span> <span class='ocrx_word' id='word_1_694' title='bbox 1883 2909 1919 2937; x_wconf 89' lang='lat' dir='ltr'>et</span> <span class='ocrx_word' id='word_1_695' title='bbox 1947 2901 2218 2950; x_wconf 91' lang='lat' dir='ltr'>superstitiosa.</span> 
     </span>
    </p>
   </div>
   <div class='ocr_carea' id='block_1_58' title="bbox 1476 2953 2344 3003">
    <p class='ocr_par' dir='ltr' id='par_1_59' title="bbox 1476 2953 2344 3003">
     <span class='ocr_line' id='line_1_107' title="bbox 1476 2953 2344 3003; baseline 0.002 -14"><span class='ocrx_word' id='word_1_696' title='bbox 1476 2953 1525 2989; x_wconf 92' lang='lat' dir='ltr'>Et</span> <span class='ocrx_word' id='word_1_697' title='bbox 1551 2965 1620 3002; x_wconf 90' lang='lat' dir='ltr'>per</span> <span class='ocrx_word' id='word_1_698' title='bbox 1647 2954 1722 2990; x_wconf 91' lang='lat' dir='ltr'>hoc</span> <span class='ocrx_word' id='word_1_699' title='bbox 1749 2961 1852 3002; x_wconf 90' lang='lat' dir='ltr'>patet</span> <span class='ocrx_word' id='word_1_700' title='bbox 1880 2954 2077 3003; x_wconf 88' lang='lat' dir='ltr'>responsio</span> <span class='ocrx_word' id='word_1_701' title='bbox 2107 2954 2156 2991; x_wconf 90' lang='lat' dir='ltr'>ad</span> <span class='ocrx_word' id='word_1_702' title='bbox 2185 2954 2344 2991; x_wconf 91' lang='lat' dir='ltr'>obiecta.</span> 
     </span>
    </p>
   </div>
   <div class='ocr_carea' id='block_1_59' title="bbox 1478 3065 2034 3099">
    <p class='ocr_par' dir='ltr' id='par_1_60' title="bbox 1478 3065 2034 3099">
     <span class='ocr_line' id='line_1_108' title="bbox 1478 3065 2034 3099; baseline 0.002 -8"><span class='ocrx_word' id='word_1_703' title='bbox 1478 3065 1503 3099; x_wconf 76' lang='grc' dir='ltr'>Β)</span> <span class='ocrx_word' id='word_1_704' title='bbox 1523 3066 1681 3092; x_wconf 81' lang='lat' dir='ltr'>occurrit.-</span> <span class='ocrx_word' id='word_1_705' title='bbox 1699 3070 1845 3092; x_wconf 80' lang='lat' dir='ltr'>occurrunt</span> <span class='ocrx_word' id='word_1_706' title='bbox 1863 3066 2034 3092; x_wconf 81' lang='lat' dir='ltr'>PBDEFIKa.</span> 
     </span>
    </p>
   </div>
   <div class='ocr_carea' id='block_1_60' title="bbox 1427 3101 2487 3169">
    <p class='ocr_par' dir='ltr' id='par_1_61' title="bbox 1427 3101 2487 3169">
     <span class='ocr_line' id='line_1_109' title="bbox 1478 3101 2487 3136; baseline 0.003 -10"><span class='ocrx_word' id='word_1_707' title='bbox 1478 3101 1500 3133; x_wconf 87' lang='grc' dir='ltr'>ε)</span> <span class='ocrx_word' id='word_1_708' title='bbox 1519 3102 1671 3127; x_wconf 73' lang='lat' dir='ltr'>caelestium</span> <span class='ocrx_word' id='word_1_709' title='bbox 1696 3102 1874 3134; x_wconf 74' lang='lat' dir='ltr'>dispositioni.</span> <span class='ocrx_word' id='word_1_710' title='bbox 1884 3116 1904 3121; x_wconf 98' lang='lat'>-</span> <span class='ocrx_word' id='word_1_711' title='bbox 1927 3103 2034 3128; x_wconf 74' lang='lat' dir='ltr'>caelesti</span> <span class='ocrx_word' id='word_1_712' title='bbox 2057 3102 2226 3135; x_wconf 70' lang='lat' dir='ltr'>dispositicmi</span> <span class='ocrx_word' id='word_1_713' title='bbox 2248 3103 2314 3136; x_wconf 75' lang='lat' dir='ltr'>FsK,</span> <span class='ocrx_word' id='word_1_714' title='bbox 2337 3104 2487 3129; x_wconf 70' lang='lat' dir='ltr'>caelestium</span> 
     </span>
     <span class='ocr_line' id='line_1_110' title="bbox 1427 3136 1678 3169; baseline 0 -7"><span class='ocrx_word' id='word_1_715' title='bbox 1427 3136 1630 3169; x_wconf 70' lang='lat' dir='ltr'>dispositionum</span> <span class='ocrx_word' id='word_1_716' title='bbox 1649 3137 1678 3162; x_wconf 91' lang='lat' dir='ltr'>P.</span> 
     </span>
    </p>
   </div>
   <div class='ocr_carea' id='block_1_61' title="bbox 1478 3171 2453 3241">
    <p class='ocr_par' dir='ltr' id='par_1_62' title="bbox 1478 3171 2453 3241">
     <span class='ocr_line' id='line_1_111' title="bbox 1478 3171 2098 3205; baseline 0 -8"><span class='ocrx_word' id='word_1_717' title='bbox 1478 3171 1503 3204; x_wconf 75' lang='grc' dir='ltr'>ζ)</span> <span class='ocrx_word' id='word_1_718' title='bbox 1522 3179 1657 3198; x_wconf 61' lang='lat' dir='ltr'>cauma·</span> <span class='ocrx_word' id='word_1_719' title='bbox 1675 3179 1732 3198; x_wconf 78' lang='lat' dir='ltr'>esse</span> <span class='ocrx_word' id='word_1_720' title='bbox 1749 3172 1811 3204; x_wconf 87' lang='lat' dir='ltr'>BFl,</span> <span class='ocrx_word' id='word_1_721' title='bbox 1829 3180 1883 3197; x_wconf 86' lang='lat' dir='ltr'>om.</span> <span class='ocrx_word' id='word_1_722' title='bbox 1903 3173 2009 3205; x_wconf 88' lang='lat' dir='ltr'>PELpC</span> <span class='ocrx_word' id='word_1_723' title='bbox 2029 3178 2055 3198; x_wconf 87' lang='lat' dir='ltr'>et</span> <span class='ocrx_word' id='word_1_724' title='bbox 2072 3180 2098 3198; x_wconf 88' lang='lat' dir='ltr'>a.</span> 
     </span>
     <span class='ocr_line' id='line_1_112' title="bbox 1478 3207 2453 3241; baseline 0.002 -9"><span class='ocrx_word' id='word_1_725' title='bbox 1478 3207 1506 3239; x_wconf 87' lang='grc' dir='ltr'>η)</span> <span class='ocrx_word' id='word_1_726' title='bbox 1525 3215 1553 3233; x_wconf 80' lang='lat' dir='ltr'>se</span> <span class='ocrx_word' id='word_1_727' title='bbox 1571 3215 1623 3233; x_wconf 83' lang='lat' dir='ltr'>non</span> <span class='ocrx_word' id='word_1_728' title='bbox 1637 3211 1737 3240; x_wconf 80' lang='lat' dir='ltr'>potest.</span> <span class='ocrx_word' id='word_1_729' title='bbox 1749 3222 1769 3227; x_wconf 96' lang='lat'>—</span> <span class='ocrx_word' id='word_1_730' title='bbox 1787 3215 1839 3234; x_wconf 80' lang='lat' dir='ltr'>non</span> <span class='ocrx_word' id='word_1_731' title='bbox 1858 3215 1885 3233; x_wconf 83' lang='lat' dir='ltr'>se</span> <span class='ocrx_word' id='word_1_732' title='bbox 1898 3211 1990 3240; x_wconf 79' lang='lat' dir='ltr'>potest</span> <span class='ocrx_word' id='word_1_733' title='bbox 2007 3209 2152 3240; x_wconf 80' lang='lat' dir='ltr'>ABEFGL,</span> <span class='ocrx_word' id='word_1_734' title='bbox 2172 3216 2224 3234; x_wconf 86' lang='lat' dir='ltr'>non</span> <span class='ocrx_word' id='word_1_735' title='bbox 2242 3212 2332 3241; x_wconf 80' lang='lat' dir='ltr'>potest</span> <span class='ocrx_word' id='word_1_736' title='bbox 2349 3216 2377 3234; x_wconf 83' lang='lat' dir='ltr'>se</span> <span class='ocrx_word' id='word_1_737' title='bbox 2394 3210 2453 3235; x_wconf 75' lang='grc' dir='ltr'>ΒΗ.</span> 
     </span>
    </p>
   </div>
   <div class='ocr_carea' id='block_1_62' title="bbox 987 3276 1812 3331">
    <p class='ocr_par' dir='ltr' id='par_1_63' title="bbox 987 3276 1812 3331">
     <span class='ocr_line' id='line_1_113' title="bbox 987 3276 1812 3331; baseline 0.005 -15"><span class='ocrx_word' id='word_1_738' title='bbox 987 3282 1318 3323; x_wconf 75' lang='lat' dir='ltr'>Commentaria</span> <span class='ocrx_word' id='word_1_739' title='bbox 1341 3276 1591 3331; x_wconf 59' lang='grc' dir='ltr'>Οᾶῐῇᾱίπιώἰει</span> <span class='ocrx_word' id='word_1_740' title='bbox 1612 3285 1812 3320; x_wconf 71' lang='lat' dir='ltr'>Caietam</span> 
     </span>
    </p>
   </div>
   <div class='ocr_carea' id='block_1_63' title="bbox 313 3336 2487 3427">
    <p class='ocr_par' dir='ltr' id='par_1_64' title="bbox 313 3336 2487 3427">
     <span class='ocr_line' id='line_1_114' title="bbox 313 3336 2487 3427; baseline 0.003 -43"><span class='ocrx_word' id='word_1_741' title='bbox 313 3364 366 3427; x_wconf 45' lang='lat' dir='ltr'>Iu.</span> <span class='ocrx_word' id='word_1_742' title='bbox 377 3345 509 3385; x_wconf 80' lang='lat' dir='ltr'>articulo</span> <span class='ocrx_word' id='word_1_743' title='bbox 526 3359 613 3383; x_wconf 79' lang='lat' dir='ltr'>sexto</span> <span class='ocrx_word' id='word_1_744' title='bbox 633 3352 776 3384; x_wconf 84' lang='lat' dir='ltr'>eiusdem</span> <span class='ocrx_word' id='word_1_745' title='bbox 794 3353 990 3393; x_wconf 75' lang='lat' dir='ltr'>quaestionis</span> <span class='ocrx_word' id='word_1_746' title='bbox 1005 3336 1370 3396; x_wconf 59' lang='lat' dir='ltr'>nonagesimaequinnae,</span> <span class='ocrx_word' id='word_1_747' title='bbox 1421 3356 1525 3388; x_wconf 84' lang='lat' dir='ltr'>littera</span> <span class='ocrx_word' id='word_1_748' title='bbox 1548 3356 1678 3394; x_wconf 82' lang='lat' dir='ltr'>dicitur;</span> <span class='ocrx_word' id='word_1_749' title='bbox 1700 3357 1751 3388; x_wconf 88' lang='lat' dir='ltr'>vel</span> <span class='ocrx_word' id='word_1_750' title='bbox 1774 3357 2023 3398; x_wconf 84' lang='lat' dir='ltr'>superfluitatem</span> <span class='ocrx_word' id='word_1_751' title='bbox 2047 3365 2143 3398; x_wconf 85' lang='lat' dir='ltr'>potus</span> <span class='ocrx_word' id='word_1_752' title='bbox 2158 3358 2223 3389; x_wconf 89' lang='lat' dir='ltr'>vini</span> <span class='ocrx_word' id='word_1_753' title='bbox 2247 3360 2403 3390; x_wconf 75' lang='lat' dir='ltr'>causantis</span> <span class='ocrx_word' id='word_1_754' title='bbox 2426 3359 2487 3390; x_wconf 88' lang='lat' dir='ltr'>dis—</span> 
     </span>
    </p>
   </div>
   <div class='ocr_carea' id='block_1_64' title="bbox 310 3395 1373 3614">
    <p class='ocr_par' dir='ltr' id='par_1_65' title="bbox 310 3395 1373 3614">
     <span class='ocr_line' id='line_1_115' title="bbox 341 3395 1372 3438; baseline 0.002 -9"><span class='ocrx_word' id='word_1_755' title='bbox 341 3407 422 3429; x_wconf 78' lang='lat' dir='ltr'>circa</span> <span class='ocrx_word' id='word_1_756' title='bbox 438 3407 547 3428; x_wconf 81' lang='lat' dir='ltr'>causas</span> <span class='ocrx_word' id='word_1_757' title='bbox 563 3403 593 3427; x_wconf 84' lang='lat' dir='ltr'>et</span> <span class='ocrx_word' id='word_1_758' title='bbox 609 3395 852 3438; x_wconf 66' lang='lat' dir='ltr'>significationes</span> <span class='ocrx_word' id='word_1_759' title='bbox 867 3397 1079 3435; x_wconf 79' lang='lat' dir='ltr'>somniorum,</span> <span class='ocrx_word' id='word_1_760' title='bbox 1092 3399 1282 3431; x_wconf 85' lang='lat' dir='ltr'>advertenda</span> <span class='ocrx_word' id='word_1_761' title='bbox 1297 3406 1372 3431; x_wconf 87' lang='lat' dir='ltr'>sunt</span> 
     </span>
     <span class='ocr_line' id='line_1_116' title="bbox 310 3439 1373 3483; baseline 0.001 -10"><span class='ocrx_word' id='word_1_762' title='bbox 310 3442 422 3473; x_wconf 85' lang='lat' dir='ltr'>multa.</span> <span class='ocrx_word' id='word_1_763' title='bbox 445 3442 565 3479; x_wconf 87' lang='lat' dir='ltr'>Primo,</span> <span class='ocrx_word' id='word_1_764' title='bbox 582 3441 689 3481; x_wconf 85' lang='lat' dir='ltr'>quoad</span> <span class='ocrx_word' id='word_1_765' title='bbox 705 3450 814 3472; x_wconf 77' lang='lat' dir='ltr'>causas</span> <span class='ocrx_word' id='word_1_766' title='bbox 830 3442 1009 3472; x_wconf 84' lang='lat' dir='ltr'>naturales&#39;</span> <span class='ocrx_word' id='word_1_767' title='bbox 1001 3439 1193 3480; x_wconf 79' lang='lat' dir='ltr'>intrinsecas,</span> <span class='ocrx_word' id='word_1_768' title='bbox 1209 3449 1290 3483; x_wconf 94' lang='lat' dir='ltr'>quot</span> <span class='ocrx_word' id='word_1_769' title='bbox 1304 3453 1373 3481; x_wconf 84' lang='lat' dir='ltr'>mo-</span> 
     </span>
     <span class='ocr_line' id='line_1_117' title="bbox 311 3483 1372 3528; baseline 0.002 -12"><span class='ocrx_word' id='word_1_770' title='bbox 311 3486 359 3517; x_wconf 82' lang='lat' dir='ltr'>dis</span> <span class='ocrx_word' id='word_1_771' title='bbox 380 3485 457 3516; x_wconf 84' lang='lat' dir='ltr'>fiant</span> <span class='ocrx_word' id='word_1_772' title='bbox 487 3492 517 3516; x_wconf 93' lang='lat' dir='ltr'>et</span> <span class='ocrx_word' id='word_1_773' title='bbox 539 3485 616 3525; x_wconf 91' lang='lat' dir='ltr'>quid</span> <span class='ocrx_word' id='word_1_774' title='bbox 640 3483 829 3524; x_wconf 83' lang='lat' dir='ltr'>significent,</span> <span class='ocrx_word' id='word_1_775' title='bbox 854 3485 893 3515; x_wconf 88' lang='lat' dir='ltr'>ad</span> <span class='ocrx_word' id='word_1_776' title='bbox 915 3485 1057 3517; x_wconf 89' lang='lat' dir='ltr'>medicos</span> <span class='ocrx_word' id='word_1_777' title='bbox 1080 3493 1111 3517; x_wconf 91' lang='lat' dir='ltr'>et</span> <span class='ocrx_word' id='word_1_778' title='bbox 1132 3487 1282 3527; x_wconf 85' lang='lat' dir='ltr'>physicos</span> <span class='ocrx_word' id='word_1_779' title='bbox 1303 3495 1372 3528; x_wconf 77' lang='lat' dir='ltr'>spe-</span> 
     </span>
     <span class='ocr_line' id='line_1_118' title="bbox 311 3529 1372 3570; baseline 0.001 -9"><span class='ocrx_word' id='word_1_780' title='bbox 311 3536 382 3562; x_wconf 81' lang='lat' dir='ltr'>ctat.</span> <span class='ocrx_word' id='word_1_781' title='bbox 406 3529 589 3570; x_wconf 82' lang='lat' dir='ltr'>Significant</span> <span class='ocrx_word' id='word_1_782' title='bbox 611 3529 769 3569; x_wconf 86' lang='lat' dir='ltr'>siquidem</span> <span class='ocrx_word' id='word_1_783' title='bbox 792 3538 916 3569; x_wconf 86' lang='lat' dir='ltr'>semper</span> <span class='ocrx_word' id='word_1_784' title='bbox 931 3539 1004 3560; x_wconf 84' lang='lat' dir='ltr'>suas</span> <span class='ocrx_word' id='word_1_785' title='bbox 1019 3540 1129 3560; x_wconf 80' lang='lat' dir='ltr'>causas</span> <span class='ocrx_word' id='word_1_786' title='bbox 1146 3531 1316 3562; x_wconf 83' lang='lat' dir='ltr'>naturales:</span> <span class='ocrx_word' id='word_1_787' title='bbox 1337 3539 1372 3563; x_wconf 91' lang='lat' dir='ltr'>ut</span> 
     </span>
     <span class='ocr_line' id='line_1_119' title="bbox 310 3573 1371 3614; baseline 0.002 -10"><span class='ocrx_word' id='word_1_788' title='bbox 310 3573 461 3604; x_wconf 89' lang='lat' dir='ltr'>humores</span> <span class='ocrx_word' id='word_1_789' title='bbox 484 3573 795 3614; x_wconf 23' lang='lat' dir='ltr'>aliquosrcausantes</span> <span class='ocrx_word' id='word_1_790' title='bbox 811 3579 919 3604; x_wconf 90' lang='lat' dir='ltr'>motus</span> <span class='ocrx_word' id='word_1_791' title='bbox 933 3573 1004 3604; x_wconf 89' lang='lat' dir='ltr'>illos</span> <span class='ocrx_word' id='word_1_792' title='bbox 1027 3574 1060 3604; x_wconf 92' lang='lat' dir='ltr'>in</span> <span class='ocrx_word' id='word_1_793' title='bbox 1084 3574 1257 3614; x_wconf 84' lang='lat' dir='ltr'>phantasia,</span> <span class='ocrx_word' id='word_1_794' title='bbox 1282 3582 1317 3606; x_wconf 89' lang='lat' dir='ltr'>ut</span> <span class='ocrx_word' id='word_1_795' title='bbox 1339 3575 1371 3606; x_wconf 90' lang='lat' dir='ltr'>in</span> 
     </span>
    </p>
   </div>
   <div class='ocr_carea' id='block_1_65' title="bbox 1423 3401 2485 3486">
    <p class='ocr_par' dir='ltr' id='par_1_66' title="bbox 1423 3401 2485 3486">
     <span class='ocr_line' id='line_1_120' title="bbox 1423 3401 2485 3442; baseline 0.003 -10"><span class='ocrx_word' id='word_1_796' title='bbox 1423 3401 1598 3433; x_wconf 81' lang='lat' dir='ltr'>tersionem</span> <span class='ocrx_word' id='word_1_797' title='bbox 1621 3401 1832 3438; x_wconf 83' lang='lat' dir='ltr'>somniorum,</span> <span class='ocrx_word' id='word_1_798' title='bbox 1857 3409 1892 3433; x_wconf 94' lang='lat' dir='ltr'>ut</span> <span class='ocrx_word' id='word_1_799' title='bbox 1915 3402 2100 3433; x_wconf 83' lang='lat' dir='ltr'>Aristoteles</span> <span class='ocrx_word' id='word_1_800' title='bbox 2122 3402 2235 3442; x_wconf 85' lang='lat' dir='ltr'>inquit,</span> <span class='ocrx_word' id='word_1_801' title='bbox 2258 3403 2292 3434; x_wconf 90' lang='lat' dir='ltr'>in</span> <span class='ocrx_word' id='word_1_802' title='bbox 2315 3404 2354 3434; x_wconf 87' lang='lat' dir='ltr'>de</span> <span class='ocrx_word' id='word_1_803' title='bbox 2377 3404 2485 3435; x_wconf 86' lang='lat' dir='ltr'>Somn.</span> 
     </span>
     <span class='ocr_line' id='line_1_121' title="bbox 1424 3444 1956 3486; baseline 0 -10"><span class='ocrx_word' id='word_1_804' title='bbox 1424 3449 1455 3476; x_wconf 80' lang='lat' dir='ltr'>et</span> <span class='ocrx_word' id='word_1_805' title='bbox 1482 3444 1585 3486; x_wconf 85' lang='lat' dir='ltr'>Vig.*</span> <span class='ocrx_word' id='word_1_806' title='bbox 1593 3454 1601 3481; x_wconf 91' lang='lat'>;</span> <span class='ocrx_word' id='word_1_807' title='bbox 1626 3452 1657 3477; x_wconf 90' lang='lat' dir='ltr'>et</span> <span class='ocrx_word' id='word_1_808' title='bbox 1679 3445 1738 3476; x_wconf 85' lang='lat' dir='ltr'>alia</span> <span class='ocrx_word' id='word_1_809' title='bbox 1761 3445 1956 3476; x_wconf 87' lang='lat' dir='ltr'>huiusmodi.</span> 
     </span>
    </p>
   </div>
   <div class='ocr_carea' id='block_1_66' title="bbox 1480 3488 2486 3532">
    <p class='ocr_par' dir='ltr' id='par_1_67' title="bbox 1480 3488 2486 3532">
     <span class='ocr_line' id='line_1_122' title="bbox 1480 3488 2486 3532; baseline 0.003 -13"><span class='ocrx_word' id='word_1_810' title='bbox 1480 3488 1518 3519; x_wconf 91' lang='grc' dir='ltr'>ΙΙ.</span> <span class='ocrx_word' id='word_1_811' title='bbox 1543 3488 1698 3526; x_wconf 85' lang='lat' dir='ltr'>Secundo,</span> <span class='ocrx_word' id='word_1_812' title='bbox 1716 3490 1824 3529; x_wconf 92' lang='lat' dir='ltr'>quoad</span> <span class='ocrx_word' id='word_1_813' title='bbox 1842 3499 1950 3520; x_wconf 83' lang='lat' dir='ltr'>causas</span> <span class='ocrx_word' id='word_1_814' title='bbox 1967 3489 2152 3520; x_wconf 85' lang='lat' dir='ltr'>extrinsecas</span> <span class='ocrx_word' id='word_1_815' title='bbox 2169 3491 2334 3527; x_wconf 80' lang='lat' dir='ltr'>naturales,</span> <span class='ocrx_word' id='word_1_816' title='bbox 2352 3498 2383 3522; x_wconf 91' lang='lat' dir='ltr'>et</span> <span class='ocrx_word' id='word_1_817' title='bbox 2399 3501 2486 3532; x_wconf 86' lang='lat' dir='ltr'>prae-</span> 
     </span>
    </p>
   </div>
   <div class='ocr_carea' id='block_1_67' title="bbox 1425 3532 2487 3620">
    <p class='ocr_par' dir='ltr' id='par_1_68' title="bbox 1425 3532 2487 3620">
     <span class='ocr_line' id='line_1_123' title="bbox 1425 3532 2487 3576; baseline 0.004 -13"><span class='ocrx_word' id='word_1_818' title='bbox 1425 3532 1518 3572; x_wconf 87' lang='lat' dir='ltr'>cipue</span> <span class='ocrx_word' id='word_1_819' title='bbox 1542 3543 1675 3573; x_wconf 90' lang='lat' dir='ltr'>corpora</span> <span class='ocrx_word' id='word_1_820' title='bbox 1695 3533 1847 3568; x_wconf 84' lang='lat' dir='ltr'>caelestia,</span> <span class='ocrx_word' id='word_1_821' title='bbox 1872 3534 1960 3574; x_wconf 91' lang='lat' dir='ltr'>quod</span> <span class='ocrx_word' id='word_1_822' title='bbox 1984 3534 2179 3575; x_wconf 87' lang='lat' dir='ltr'>quandoque</span> <span class='ocrx_word' id='word_1_823' title='bbox 2196 3535 2339 3566; x_wconf 86' lang='lat' dir='ltr'>caelestia</span> <span class='ocrx_word' id='word_1_824' title='bbox 2354 3546 2487 3576; x_wconf 87' lang='lat' dir='ltr'>corpora</span> 
     </span>
     <span class='ocr_line' id='line_1_124' title="bbox 1426 3577 2487 3620; baseline 0.005 -14"><span class='ocrx_word' id='word_1_825' title='bbox 1426 3586 1529 3606; x_wconf 91' lang='lat' dir='ltr'>unum</span> <span class='ocrx_word' id='word_1_826' title='bbox 1553 3583 1584 3607; x_wconf 92' lang='lat' dir='ltr'>et</span> <span class='ocrx_word' id='word_1_827' title='bbox 1607 3577 1744 3607; x_wconf 91' lang='lat' dir='ltr'>eundem</span> <span class='ocrx_word' id='word_1_828' title='bbox 1768 3577 1913 3608; x_wconf 83' lang='lat' dir='ltr'>effectum</span> <span class='ocrx_word' id='word_1_829' title='bbox 1937 3579 2119 3617; x_wconf 91' lang='lat' dir='ltr'>producunt</span> <span class='ocrx_word' id='word_1_830' title='bbox 2139 3579 2172 3610; x_wconf 90' lang='lat' dir='ltr'>in</span> <span class='ocrx_word' id='word_1_831' title='bbox 2187 3580 2307 3620; x_wconf 90' lang='lat' dir='ltr'>duplici</span> <span class='ocrx_word' id='word_1_832' title='bbox 2324 3589 2406 3610; x_wconf 87' lang='lat' dir='ltr'>esse:</span> <span class='ocrx_word' id='word_1_833' title='bbox 2432 3580 2487 3610; x_wconf 86' lang='lat' dir='ltr'>sci-</span> 
     </span>
    </p>
   </div>
   <div class='ocr_carea' id='block_1_68' title="bbox 2511 2005 2642 2027">
    <p class='ocr_par' dir='ltr' id='par_1_69' title="bbox 2511 2005 2642 2027">
     <span class='ocr_line' id='line_1_125' title="bbox 2511 2005 2642 2027; baseline 0 0"><span class='ocrx_word' id='word_1_834' title='bbox 2511 2006 2521 2017; x_wconf 74' lang='lat'><strong>·</strong></span> <span class='ocrx_word' id='word_1_835' title='bbox 2535 2005 2603 2027; x_wconf 82' lang='lat' dir='ltr'>Vers.</span> <span class='ocrx_word' id='word_1_836' title='bbox 2620 2005 2642 2027; x_wconf 89' lang='lat'>6.</span> 
     </span>
    </p>
   </div>
   <div class='ocr_carea' id='block_1_69' title="bbox 2514 3450 2723 3525">
    <p class='ocr_par' dir='ltr' id='par_1_70' title="bbox 2514 3450 2723 3524">
     <span class='ocr_line' id='line_1_126' title="bbox 2514 3450 2723 3478; baseline 0.005 -7"><span class='ocrx_word' id='word_1_837' title='bbox 2514 3450 2524 3460; x_wconf 78' lang='lat'>⁸</span> <span class='ocrx_word' id='word_1_838' title='bbox 2550 3450 2586 3471; x_wconf 83' lang='lat' dir='ltr'>De</span> <span class='ocrx_word' id='word_1_839' title='bbox 2607 3450 2723 3478; x_wconf 56' lang='lat' dir='ltr'>Iunonum,</span> 
     </span>
     <span class='ocr_line' id='line_1_127' title="bbox 2515 3467 2723 3525; baseline 0 -27"><span class='ocrx_word' id='word_1_840' title='bbox 2515 3482 2567 3525; x_wconf 45' lang='grc' dir='ltr'>ἷξες.</span> <span class='ocrx_word' id='word_1_841' title='bbox 2576 3482 2632 3525; x_wconf 55' lang='grc' dir='ltr'>Ἠ.-</span> <span class='ocrx_word' id='word_1_842' title='bbox 2647 3477 2671 3499; x_wconf 91' lang='lat' dir='ltr'>S.</span> <span class='ocrx_word' id='word_1_843' title='bbox 2679 3467 2723 3498; x_wconf 81' lang='lat' dir='ltr'>Th.</span> 
     </span>
    </p>
   </div>
  </div>
 </body>
</html>
