2860 4238
915 193 1182 238 QUAESTIO
1212 195 1349 243 CXVI,
1379 197 1675 236 ARTICULUS
1706 200 1719 235 I
2412 212 2489 249 447

638 410 1046 487 QUAESTIO
1086 414 2163 477 CENTESIMADECIMASEXTA

1172 534 1213 572 D
1231 534 1269 574 E
1323 535 1393 575 LI
1411 536 1484 575 TI
1503 536 1576 576 Gt
1596 538 1634 577 o

1133 648 1167 672 ΙΝ
1197 648 1290 674 DUOS
1318 649 1522 675 ARTICULOS
1549 651 1667 676 DIVISA

64 743 283 792 *gg-qu-cxnln-
311 745 502 828 DEmDE
530 737 851 776 considerandum
881 746 937 776 est
965 740 1012 777 de
1040 740 1152 789 litigio
1175 742 1205 778 *.
1399 742 1401 799 j
1483 744 1684 781 Secundo:
1728 745 1775 782 de
1817 748 2102 795 comparatione
2146 749 2225 786 eius
2266 751 2315 787 ad
2356 751 2486 788 adula-

125 785 131 792 ’
394 789 444 825 Et
471 789 570 826 circa
597 790 672 827 hoc
701 800 937 839 quaeruntur
965 793 1054 830 duo.
1399 811 1401 859 i
1533 797 1689 834 tionem.
2445 815 2447 817 ¹

1399 862 1400 880 l

1399 881 1401 897 i

362 841 514 879 Primo:
544 850 673 880 utrum
703 853 920 893 opponatur
947 846 1074 883 virtuti
1103 847 1300 884 amicitiae.

1117 955 1436 998 ARTICULUS
1467 956 1672 998 PRIMUS

609 1045 766 1077 UTRUM
790 1046 987 1078 L1T1G1UM
1011 1047 1278 1079 OPPONATUR
1301 1049 1480 1080 VIRTUTI
1504 1049 1730 1081 ΑΜιειτΙΑΕ
1756 1051 1836 1082 SEU
1859 1052 2183 1085 AFFABILITATIS

1246 1127 1280 1151 IV
1300 1127 1394 1157 Ethic„
1415 1128 1475 1153 lect.
1493 1134 1545 1154 xtv.

340 1218 398 1254 ,as-‚³
422 1219 429 1244 ε
442 1230 491 1261 [ἡ
517 1214 540 1239 D
567 1213 706 1239 PRIMUM
730 1214 784 1240 sic
809 1215 1051 1241 PROCEm‘i-ua.
1080 1205 1239 1242 Videtur
1261 1206 1368 1253 quod
1391 1205 1394 1255 ζ
1423 1206 1667 1244 contradictio
1687 1207 1805 1244 oritur
1832 1209 1977 1246 ratione
1995 1222 2184 1258 personae
2212 1223 2331 1259 quam
2351 1213 2484 1262 aliquis

335 1231 487 1308 &ffizd
507 1253 675 1303 litigium
694 1268 774 1293 non
794 1265 1012 1306 opponatur
1029 1258 1158 1295 virtuti
1181 1258 1367 1295 amicitiae
1423 1259 1642 1296 contristare
1670 1273 1749 1297 non
1777 1270 1941 1299 veretur.
1971 1263 2020 1300 Et
2047 1263 2101 1300 sic
2127 1264 2171 1300 fit
2187 1264 2358 1312 litigium,
2379 1267 2483 1314 quod

279 1318 288 1319 ’
304 1318 314 1322 '
384 1321 441 1359 ζῇ,
454 1299 485 1346 ’ἦ
516 1309 578 1344 vel
606 1308 845 1347 affabilitatis.
875 1310 1052 1358 Litigium
1082 1311 1182 1348 enim
1217 1312 1265 1348 ad
1295 1312 1367 1349 dis-
1422 1313 1638 1361 praedictae
1668 1313 1854 1351 amicitiae
1881 1316 1944 1352 vel
1972 1316 2179 1353 affabilitati
2198 1319 2413 1367 opponitur,
2435 1320 2484 1356 ad

365 1377 370 1391 1
397 1354 457 1386 ''⁴³³¹‘'
474 1351 505 1394 *x
517 1361 689 1398 cordiam
707 1363 903 1410 pertinere.
913 1363 1081 1401 videtur:
1112 1364 1208 1401 sicut
1227 1372 1264 1401 et
1279 1377 1368 1414 con·
1392 1386 1394 1388 v
1422 1377 1540 1412 quam
1559 1365 1721 1414 pertinet
1740 1367 2008 1406 delectabiliter
2026 1369 2106 1406 aliis
2126 1371 2343 1409 convivere.
2371 1373 2482 1409 Unde

303 1411 434 1449 tentio.
465 1412 543 1451 Sed
572 1414 762 1452 discordia
780 1416 988 1465 opponitur
1015 1417 1170 1464 caritati,
1192 1417 1288 1454 sicut
1314 1417 1368 1455 di·
1423 1418 1680 1466 Philosophus
1709 1419 1814 1466 dicit,
1843 1420 1882 1457 in
1911 1422 1962 1458 IV
1994 1423 2114 1459 Ethic.
2137 1424 2171 1470 *‚
2202 1426 2306 1472 quod
2339 1425 2395 1461 illi
2419 1427 2484 1474 qui

62 1463 276 1514 :omma-n.
304 1470 408 1502 ctum
429 1473 485 1502 est
501 1465 533 1503 *.
563 1468 667 1516 Ergo
696 1476 733 1505 et
758 1468 928 1517 litigium.
1421 1471 1474 1507 ad
1499 1473 1627 1508 omnia
1656 1473 1937 1510 contrariantur
1964 1486 2079 1512 causa
2098 1476 2176 1513 eius
2194 1478 2295 1525 quod
2319 1483 2374 1514 est
2395 1490 2482 1515 con—

62 1505 276 1597 3123?ssss
358 1529 394 1555 2.
415 1518 650 1568 PRAETEREA,
669 1522 783 1558 Prov.
803 1534 887 1564 xxvi
905 1522 926 1544 '⁸‘
951 1522 1105 1559 dicitur:
1133 1523 1264 1559 Homo
1293 1523 1368 1560 ira·
1422 1524 1582 1570 tristare,
1611 1536 1731 1573 neque
1757 1527 2017 1575 quodcumque
2037 1534 2053 1550 ‘²
2081 1535 2265 1576 curantes,
2292 1531 2424 1567 discoli
2448 1538 2485 1568 et

302 1571 448 1608 cundus
483 1572 646 1610 incendit
672 1574 784 1611 litem.
819 1575 896 1612 Sed
928 1574 1126 1612 iracundia
1163 1576 1369 1625 opponitur
1421 1577 1576 1626 litigiosi
1600 1584 1797 1615 vocantur.

303 1625 598 1663 mansuetudini.
627 1627 730 1675 Ergo
760 1636 796 1664 et
822 1628 878 1675 lis,
908 1628 989 1665 sive
1018 1628 1189 1676 litigium.
1474 1631 1534 1666 AD
1562 1642 1700 1667 PRIMUM
1728 1643 1826 1668 ERGO
1855 1644 2038 1670 DICENDUM
2057 1636 2161 1681 quod
2187 1636 2377 1673 contentio
2402 1649 2482 1673 ma-

62 1677 186 1702 -verm,
358 1678 393 1714 3.
415 1678 650 1727 PRAETEREA,
680 1681 754 1718 lac.
785 1692 820 1717 1v
841 1682 861 1702 *
889 1681 1042 1718 dicitur:
1076 1682 1183 1719 Unde
1210 1681 1306 1719 bella
1334 1687 1393 1737 et}
1421 1682 1476 1730 gis
1505 1683 1658 1732 proprie
1694 1683 1855 1732 pertinet
1883 1686 1931 1722 ad
1966 1687 2304 1725 contradictionem
2341 1689 2483 1726 discor-

302 1729 383 1767 lites
410 1730 448 1768 in
475 1732 613 1769 vobis?
637 1734 780 1771 Nonne
805 1746 856 1770 ex
882 1734 1188 1782 concupiscentiis
1213 1735 1366 1781 vestris,
1392 1770 1393 1783 ἶ
1422 1735 1525 1772 diae:
1554 1736 1711 1785 litigium
1739 1745 1865 1774 autem
1886 1738 1934 1775 ad
1955 1740 2293 1778 contradictionem
2323 1754 2420 1790 quae
2440 1743 2483 1779 fit

301 1794 400 1832 quae
417 1784 580 1822 militant
597 1786 634 1822 in
654 1787 833 1824 membris
859 1787 1023 1825 vestris?
1051 1787 1128 1825 Sed
1148 1788 1256 1837 sequi
1275 1800 1366 1825 con·
1391 1816 1393 1854 j
1421 1788 1628 1826 intentione
1657 1790 1914 1828 contristandi.

301 1836 552 1886 cupiscentias
579 1839 730 1877 videtur
762 1840 907 1889 opponi
939 1840 1224 1890 temperantiae.
1263 1841 1366 1889 Ergo
1391 1856 1393 1868 ³
1474 1843 1533 1878 AD
1561 1853 1751 1880 SECUNDUM
1780 1855 1964 1882 mortanum
1993 1845 2100 1892 quod
2129 1846 2270 1884 directa
2290 1848 2481 1896 oppositio

299 1889 455 1928 videtur
481 1891 586 1939 quod
614 1891 771 1941 litigium
800 1905 878 1930 non
907 1901 1126 1943 opponatur
1157 1893 1365 1943 amicitiae,
1391 1913 1392 1934 ς
1420 1894 1601 1932 vitiorum
1639 1896 1687 1933 ad
1723 1895 1879 1933 virtutes
1918 1909 1996 1934 non
2028 1899 2232 1936 attenditur
2269 1901 2480 1937 secundum

301 1942 370 1980 sed
397 1945 682 1993 temperantiae.
1391 1985 1392 1989 ,
1421 1960 1567 1996 causas,
1597 1961 1686 1985 curn
1715 1949 1905 1998 contingat
1932 1963 2052 1988 unum
2082 1952 2215 1989 vitium
2246 1965 2291 1989 ex
2324 1953 2481 1991 diversis

59 1993 147 2044 ἐἷῇζ
156 1999 276 2044 {gg-,221
355 1996 430 2034 SED
445 2008 592 2035 CONTRA
606 2010 673 2036 Esr
687 1999 792 2047 quod
807 1999 1075 2048 Philosophus,
1086 1999 1125 2037 in
1139 2000 1319 2037 IVEthic.
1333 2001 1364 2048 *‚
1390 2050 1391 2055 1
1421 2001 1543 2038 causis
1581 2001 1690 2038 oriri:
1729 2002 1795 2039 sed
1829 2003 2031 2041 attenditur
2067 2005 2280 2042 secundum
2314 2007 2479 2054 speciem

300 2048 459 2098 litigium
487 2051 649 2100 opponit
675 2052 875 2089 amicitiae.
1390 2088 1391 2093 ,
1420 2061 1535 2090 actus.
1575 2054 1681 2091 Licet
1717 2063 1844 2092 autem
1881 2057 2113 2106 quandoque
2150 2058 2306 2106 litigium
2345 2071 2390 2096 ex
2426 2060 2481 2096 ira

353 2103 581 2142 Respoumzo
609 2117 795 2143 mci-:noum
823 2105 928 2154 quod
957 2105 1111 2154 proprie
1138 2106 1296 2154 litigium
1325 2106 1364 2143 in
1390 2126 1391 2140 ÷
1419 2107 1571 2154 oriatur,
1592 2115 1718 2156 potest
1735 2116 1865 2146 tamen
1885 2122 1930 2146 ex
1950 2108 1965 2139 β
1988 2111 2114 2147 multis
2133 2111 2215 2148 aliis
2235 2112 2357 2149 causis
2377 2113 2479 2150 oriri.

297 2156 427 2194 verbis
456 2157 636 2205 consistit,
659 2170 745 2195 cum
775 2158 914 2195 scilicet
940 2171 1039 2195 unus
1058 2158 1186 2196 verbis
1214 2159 1364 2196 alterius
1417 2160 1528 2197 Unde
1548 2173 1626 2197 non
1656 2169 1807 2210 oportet
1834 2162 1938 2210 quod
1959 2163 2098 2200 directe
2127 2172 2346 2213 opponatur
2373 2178 2480 2202 man-

300 2210 533 2248 contradicit.
571 2212 613 2248 In
642 2224 719 2260 qua
755 2212 914 2260 quidem
950 2211 1248 2249 contradictione
1286 2212 1363 2249 duo
1389 2214 1390 2224 ¹
1419 2213 1619 2250 suetudini.

297 2271 459 2311 possunt
487 2263 641 2301 attendi.
671 2265 918 2313 Quandoque
942 2265 1044 2301 enirn
1066 2265 1247 2313 contingit
1274 2278 1364 2302 con·
1471 2268 1529 2303 An
1544 2278 1704 2304 TERTmM
1723 2279 1908 2305 nrcENDUM
1927 2269 2034 2316 quod
2054 2269 2214 2306 Iacobus
2233 2270 2401 2318 loquitur
2427 2271 2479 2307 ibi

297 2316 471 2354 tradictio
509 2325 665 2366 propter
692 2330 898 2366 personam
933 2317 1090 2355 dicentis
1124 2318 1183 2354 cui
1217 2326 1363 2355 contra·
1418 2319 1465 2356 de
1495 2320 1800 2368 concupiscentia
1834 2321 2047 2359 secundum
2083 2323 2188 2369 quod
2217 2331 2272 2360 est
2305 2325 2480 2370 generale

298 2367 427 2406 dicens
443 2371 656 2407 consentire
673 2379 821 2408 recusat
839 2379 995 2420 propter
1014 2371 1205 2408 defectum
1221 2372 1363 2409 amoris
1388 2357 1389 2408 l
1418 2373 1562 2409 malurn
1574 2378 1602 2419 Υ,
1619 2385 1664 2409 ex
1684 2386 1760 2422 quo
1782 2374 1913 2411 omnia
1931 2375 2021 2412 vitia
2041 2375 2233 2412 oriuntur:
2254 2384 2368 2424 prout
2393 2377 2480 2414 dicit

297 2422 448 2460 animos
475 2423 651 2461 unientis.
688 2425 737 2461 Et
765 2425 839 2461 hoc
866 2424 1018 2461 videtur
1045 2424 1093 2461 ad
1131 2424 1360 2461 discordiam
1387 2425 1389 2462 ἶ
1419 2426 1555 2462 Glossa
1574 2425 1595 2447 '¹‘
1623 2427 1736 2463 Rom.
1762 2427 1890 2464 vl1**:
1924 2429 2035 2465 Bona
2063 2434 2116 2465 est
2141 2429 2221 2474 lex,
2251 2441 2363 2477 quae,
2390 2430 2479 2466 dum

295 2476 497 2524 pertinere,
519 2477 661 2514 caritati
682 2477 922 2514 contrariam.
952 2498 976 2506 -
1003 2477 1248 2525 Quandoque
1267 2490 1361 2514 vero
1386 2500 1388 2522 J
1417 2479 1753 2527 concupiscentiam
1775 2481 1966 2528 prohibet,
1991 2493 2102 2518 omne
2129 2482 2270 2518 malum
2296 2483 2482 2530 prohibet,

349 2589 376 2620 α)
395 2589 585 2621 quodcumque.
602 2602 622 2609 -
639 2596 816 2622 quoscumque
835 2590 864 2616 P.
1387 2590 1390 2654 ι
1469 2591 1496 2625 γ)
1516 2592 1624 2617 malum.
1642 2605 1662 2611 -
1674 2595 1814 2624 peccatum
1834 2593 1880 2618 Pa.

350 2622 374 2656 β)
393 2631 439 2648 ex.
457 2637 476 2643 -
493 2624 574 2649 etiam
593 2632 630 2649 ex
647 2626 676 2650 P.

973 2703 1306 2736 Commentaria
1329 2703 1581 2737 Gardinaus
1604 2704 1806 2737 Caietani

327 2791 346 2810 N
376 2780 507 2810 articulo
539 2781 643 2820 primo
676 2781 870 2821 quaestionis
902 2782 1357 2819 centesimaedecimaesextae‚
1466 2784 1503 2813 11.
1528 2784 1612 2814 Nota
1628 2785 1778 2821 secundo,
1804 2785 1892 2825 quod
1912 2784 1993 2815 sicut
2012 2786 2166 2825 contingit
2190 2787 2351 2817 detrahere
2375 2789 2478 2828 dupli-

299 2793 404 2855 Inota
426 2824 548 2864 primo,
573 2824 779 2855 differentiam
802 2825 883 2856 inter
906 2826 1144 2857 contentionem
1169 2834 1199 2858 et
1220 2827 1357 2867 litigium
1411 2827 1494 2863 citer,
1512 2828 1629 2858 scilicet
1652 2828 1835 2865 formaliter,
1852 2829 1914 2860 hoc
1931 2837 1976 2860 est
1993 2839 2066 2859 cum
2082 2829 2258 2861 intentione
2277 2831 2476 2869 detrahendi;

293 2869 327 2899 in
350 2868 459 2900 tribus.
483 2868 610 2907 Primo,
633 2869 666 2899 in
689 2868 760 2900 fine.
794 2870 879 2907 Quia
901 2869 972 2900 finis
996 2871 1206 2902 contentionis
1231 2878 1276 2902 est
1299 2871 1357 2901 irn-
1410 2878 1440 2902 et
1464 2872 1678 2908 materialiter,
1702 2872 1764 2903 hoc
1788 2879 1834 2903 est
1858 2883 1894 2903 ex
1916 2873 2129 2914 loquacitate,
2154 2884 2220 2905 non
2244 2875 2352 2906 animo
2377 2876 2477 2907 detra-

57 2917 131 2938 ‘Art-
146 2922 167 2943 η
185 2920 227 2939 m.
245 2922 267 2943 2,
294 2913 448 2954 pugnatio
470 2913 624 2943 veritatis:
650 2920 685 2943 ut
708 2920 793 2953 patet
820 2914 975 2954 superius,
1001 2924 1054 2955 qu.
1081 2925 1193 2945 xxxvnt
1208 2915 1243 2951 *;
1268 2923 1298 2946 et
1321 2926 1358 2946 ex
1409 2916 1524 2946 hendi:
1549 2916 1591 2946 ita
1615 2916 1770 2956 contingit
1793 2927 1860 2947 esse
1883 2917 2008 2958 aliquos
2031 2917 2187 2958 litigiosos
2212 2919 2388 2959 dupliciter.
2413 2921 2478 2951 Sci-

57 2942 268 2991 &afniman
295 2956 478 2988 definitione
500 2956 661 2987 Ambrosii
680 2957 713 2987 *2
741 2958 908 2989 Contentio
925 2963 970 2989 est
986 2960 1186 2999 impugnatio
1215 2961 1359 2991 veritatis
1410 2960 1482 2990 licet
1505 2959 1695 2991 formaliter:
1721 2961 1782 2990 hoc
1805 2968 1860 2998 est,
1881 2971 1955 2992 cum
1978 2962 2153 2992 intentione
2177 2963 2382 2994 contristandi
2404 2975 2477 3004 pro-

55 2995 265 3051 igme-paam.
294 3011 365 3032 cum
382 3001 573 3042 confidentia
589 3002 749 3032 clamoris.
774 3002 860 3032 Finis
875 3009 982 3033 autem
998 3002 1089 3042 litigii
1108 3011 1154 3034 est
1177 3005 1358 3044 perturbare
1408 3004 1533 3034 ximum
1556 3014 1718 3044 opponere
1743 3004 1791 3034 his
1815 3015 1897 3046 quae
1921 3006 2082 3042 dicuntur,
2106 3013 2162 3037 aut
2184 3007 2328 3038 exhibere
2352 3018 2384 3038 se
2407 3019 2476 3048 gra-

86 3038 91 3044 ’
293 3045 434 3087 quietern
457 3045 569 3075 animi:
594 3055 669 3075 narn
693 3046 890 3077 contristatio
915 3046 994 3077 nihil
1017 3046 1103 3078 aliud
1128 3054 1174 3078 est
1196 3058 1292 3088 quam
1310 3048 1357 3078 in·
1410 3058 1484 3078 vem
1523 3056 1578 3078 seu
1609 3048 1784 3079 molestum
1817 3049 1894 3080 aliis.
1924 3050 1983 3080 Vel
2011 3051 2230 3082 materialiter:
2264 3052 2380 3083 scilicet
2411 3063 2477 3083 non

293 3100 398 3130 gerere
422 3089 676 3130 inquietudinem
699 3090 807 3120 animi.
833 3091 874 3121 Et
896 3091 973 3121 haec
997 3098 1043 3121 est
1065 3101 1120 3131 per
1144 3101 1176 3122 se
1200 3098 1231 3122 et
1253 3102 1357 3123 essen·
1383 3117 1384 3120 ,
1411 3102 1485 3122 cum
1508 3092 1566 3122 hac
1589 3092 1775 3129 intentione,
1792 3094 1847 3124 sed
1870 3101 1976 3125 tamen
2000 3104 2075 3124 curn
2094 3095 2218 3131 effectu;
2244 3103 2280 3126 ut
2298 3096 2410 3127 accidit
2429 3097 2476 3127 his

292 3134 374 3165 tialis
399 3133 571 3164 differentia
593 3134 674 3164 inter
696 3134 772 3165 haec
796 3135 861 3165 duo
884 3135 968 3165 vitia.
1410 3136 1466 3177 qui
1489 3144 1723 3168 consueverunt
1745 3138 1817 3168 dare
1841 3145 1976 3177 agrestes
1999 3139 2233 3178 responsiones,
2254 3140 2309 3180 qui
2334 3140 2478 3172 nesciunt

349 3178 496 3209 Secundo
522 3177 669 3209 differunt
691 3178 724 3208 in
749 3179 878 3210 materia
900 3179 1055 3219 proxima.
1089 3179 1172 3216 Quia
1196 3180 1357 3211 contentio
1409 3180 1547 3211 hilariter
1571 3181 1736 3211 convivere
1761 3188 1791 3212 et
1815 3183 1991 3213 conversari
2015 3193 2089 3213 cum
2113 3183 2192 3219 aliis,
2218 3190 2248 3214 et
2269 3184 2331 3214 hoc
2355 3195 2420 3215 non
2440 3195 2476 3215 ex

294 3229 341 3253 est
368 3222 401 3252 in
431 3222 620 3263 colloquiis:
650 3222 787 3262 litigium
814 3233 890 3253 vero
920 3231 965 3254 est
997 3230 1027 3253 et
1054 3223 1086 3253 in
1122 3223 1290 3264 colloquiis
1328 3231 1359 3255 et
1383 3261 1384 3264 Ἰ
1409 3224 1584 3255 intentione
1609 3225 1814 3256 contristandi
1838 3226 1927 3263 alios,
1948 3227 2002 3258 sed
2021 3237 2057 3257 ex
2072 3228 2303 3268 complexione,
2321 3228 2370 3258 vel
2389 3230 2475 3259 malo

294 3266 362 3297 aliis
393 3266 513 3297 actibus
543 3267 582 3296 ad
611 3266 884 3298 conversationem
915 3267 1190 3304 concurrentibus;
1223 3268 1305 3299 sicut
1328 3276 1359 3299 et
1383 3265 1385 3296 ἱ
1410 3279 1470 3299 usu
1499 3276 1554 3299 aut
1576 3269 1732 3309 passione.
1766 3270 1807 3300 Et
1830 3270 1894 3306 hic,
1919 3271 1991 3301 licet
2014 3281 2078 3301 non
2102 3271 2141 3302 sit
2164 3271 2338 3303 formaliter
2359 3272 2474 3312 litigio-

293 3310 465 3346 affabilstas,
490 3310 541 3341 cui
564 3310 781 3341 contrariatur.
1383 3341 1384 3345 ,
1411 3323 1483 3349 sus,
1509 3320 1555 3343 est
1581 3320 1689 3344 tamen
1713 3314 1912 3345 materialiter
1935 3322 1966 3345 et
1995 3315 2102 3355 quoad
2126 3315 2272 3346 effectum
2298 3316 2474 3356 litigiosus:

349 3355 473 3391 Tertio,
497 3355 529 3384 in
553 3354 666 3385 radice.
691 3355 775 3392 Quia
798 3355 970 3392 contentio,
995 3362 1030 3385 ut
1053 3356 1085 3386 in
1109 3355 1210 3386 littera
1234 3356 1356 3392 dicitur,
1383 3369 1384 3395 ς
1411 3357 1486 3397 quia
1509 3357 1541 3387 in
1565 3357 1628 3387 suis
1653 3358 1821 3398 colloquiis
1845 3366 1875 3388 et
1898 3368 1934 3388 ex
1953 3359 2190 3390 conversatione
2213 3360 2306 3390 infert
2330 3361 2367 3390 de
2392 3360 2474 3391 facto

295 3405 341 3428 est
364 3409 401 3429 ex
423 3398 579 3429 discordia
602 3399 802 3429 animorum:
827 3399 963 3439 litigium
979 3410 1054 3430 vero
1079 3410 1144 3430 non
1169 3410 1205 3430 ex
1228 3400 1289 3430 alia
1313 3407 1358 3431 est
1383 3436 1384 3447 ¹
1411 3401 1567 3431 tristitiam
1590 3401 1667 3432 aliis.
1697 3402 1762 3432 Nec
1787 3409 1951 3433 excusatur
1973 3413 1991 3433 a
2013 3410 2159 3444 peccato,
2185 3404 2339 3444 quoniam
2361 3405 2475 3435 volun-

295 3452 388 3472 causa
411 3442 471 3473 nisi
494 3443 570 3484 quia
585 3443 739 3474 molestus
754 3450 875 3480 natura,
898 3454 958 3474 usu
981 3444 1031 3474 vel
1054 3444 1201 3484 passione
1225 3444 1296 3485 quis
1313 3451 1359 3475 est
1383 3475 1384 3479 ,
1411 3445 1479 3476 tarii
1503 3451 1577 3475 sunt
1600 3452 1687 3476 actus
1707 3445 1757 3476 isti
1782 3446 1955 3477 deformes:
1981 3447 2062 3478 sicut
2078 3457 2143 3478 non
2159 3448 2297 3479 totaliter
2311 3456 2475 3479 excusatur

295 3486 363 3516 aliis
387 3486 419 3516 in
444 3488 672 3518 conversando.
1382 3493 1384 3513 f
1413 3489 1577 3519 detrahens
1602 3499 1638 3519 ex
1660 3490 1861 3530 loquacitate.

2510 1436 2520 1446 ⁸
2535 1434 2592 1457 Loc.
2607 1435 2647 1457 cit.

2604 2390 2621 2413 Υ

2507 2436 2517 2447 ⁸
2532 2436 2588 2458 Ord.
2598 2440 2620 2458 et
2634 2437 2718 2459 Lomb.

2506 2463 2527 2474 '⁸
2541 2463 2607 2485 Vei-s.
2622 2469 2643 2490 7.
