2860 4244
37 1369 49 1391 ξ’
117 1407 131 1418 w
166 1408 169 1410 -
304 1394 307 1398 ”
336 1389 352 1427 β
381 1392 607 1426 ararim-gom
626 1390 672 1418 Pa.

188 1464 193 1467 ,
235 1391 499 1497 ’κέβηῖ
518 1434 597 1461 quam
617 1425 692 1453 PCD.

35 1485 41 1493 .
380 1468 454 1498 ereo.
466 1475 485 1484 -
502 1465 591 1490 autem
610 1461 643 1493 Η.
661 1460 732 1489 enim
751 1460 798 1488 Pa.

913 250 1178 299 QUAESTIO
1209 251 1418 299 LXXXIII,
1448 249 1742 289 ARTICULUS
1771 249 1821 287 XI

280 334 467 384 ipsorum,
504 338 539 371 et
560 331 674 381 pullis
709 341 910 370 corvorum
945 328 1201 367 invocantibus
1232 340 1330 367 eum.

280 386 383 435 Ergo
425 396 534 424 orare
571 396 649 424 non
677 391 733 422 est
768 381 967 434 proprium
1005 380 1194 419 rationalis
1231 391 1332 419 crea-

280 445 398 478 turae.

335 491 409 529 San
429 500 586 538 comati,
617 486 771 528 oratio?
799 494 855 527 est
882 494 986 526 actus
1015 485 1181 534 rationis,
1210 493 1250 524 ut
1275 498 1336 524 su-

281 555 350 594 pra
367 542 388 567 *
414 541 587 582 habitum
617 549 683 581 est.
714 540 791 580 Sed
819 538 1008 579 rationalis
1037 546 1206 577 creatura
1233 550 1255 576 a
1280 550 1335 577 ra-

281 596 384 636 tione
405 594 549 634 dicitur.
579 595 681 643 Ergo
702 604 811 632 orare
838 599 893 631 est
920 591 1117 642 proprium
1147 591 1336 630 rationalis

283 655 488 688 creaturae.

336 702 560 740 Rusonem
575 708 758 738 pronubum
778 697 894 748 quod,
911 696 1005 735 sicut
1021 708 1065 735 ex
1083 695 1304 746 supradictis
1318 695 1338 719 ¹⁸

282 760 395 805 patet,
415 750 537 791 oratio
556 759 613 790 est
632 758 736 790 actus
764 749 918 789 rationis
938 761 1007 800 per
1026 761 1142 799 quem
1162 753 1176 779 Υ
1205 748 1339 798 aliquis

282 804 518 856 superiorem
546 804 786 854 deprecatur,
815 802 910 842 sicut
929 802 1133 853 imperium
1159 809 1215 840 est
1233 808 1338 840 actus

282 857 437 898 rationis
450 869 529 908 quo
544 855 696 896 inferior
711 856 760 895 ad
775 855 917 906 aliquid
932 855 1138 895 ordinatur.
1160 853 1212 893 Illi
1228 851 1338 903 ergo³

310 910 434 960 roprie
454 909 635 960 competit
654 921 763 948 orare
782 909 842 948 cui
867 907 1046 948 convenit
1066 906 1253 947 rationem
1273 905 1339 944 ha-

281 923 384 1011 ger-e,
415 971 452 1002 et
479 962 716 1013 superiorem
745 973 859 1012 quem
889 960 1081 1012 deprecari
1110 958 1237 1010 possit.
1273 957 1339 997 Di-

281 1015 380 1055 vinis
415 1022 542 1055 autem
572 1014 749 1054 Personis
786 1013 875 1053 nihil
913 1021 968 1053 est
996 1011 1189 1062 superius:
1229 1011 1339 1050 bruta

283 1076 411 1108 autem
441 1068 616 1108 animalia
644 1079 722 1108 non
748 1067 890 1106 habent
918 1065 1114 1105 rationem.
1144 1064 1254 1103 Unde
1275 1075 1339 1103 ne-

281 1133 358 1172 que
373 1121 510 1161 diVinis
530 1119 707 1160 Personis
725 1130 850 1170 neque
871 1117 987 1157 brutis
1006 1113 1229 1156 animalibus
1250 1127 1339 1155 con·

282 1174 386 1214 venit
405 1185 525 1222 orare,
547 1172 614 1212 sed
633 1171 830 1223 proprium
851 1178 906 1209 est
925 1170 1116 1210 rationalis
1132 1177 1337 1209 creaturae.

335 1229 394 1267 Ao
410 1237 546 1266 patmum
566 1236 664 1265 aaoo
678 1235 862 1263 pronubum
878 1222 983 1274 quod
1003 1222 1140 1263 divinis
1161 1221 1340 1262 Personis

284 1278 464 1321 convenit
490 1278 661 1329 accipere
690 1289 758 1328 per
777 1284 972 1316 naturam:
1002 1288 1111 1315 orare
1131 1282 1260 1315 autem
1285 1282 1340 1314 est

284 1344 289 1359 ς,

2373 250 2446 288 203

1390 326 1608 378 accipientis
1635 339 1704 377 per
1730 326 1899 376 gratiam.
1929 325 2077 365 Dicitur
2095 333 2223 364 autem
2254 326 2368 364 Filius
2390 339 2449 364 ro-

1390 393 1490 430 gare,
1518 381 1580 419 vel
1610 391 1731 427 orare,
1761 379 1973 418 secundum
2003 386 2177 418 naturam
2198 386 2447 429 assumptam,

1391 433 1529 472 scilicet
1557 434 1789 471 humanam:
1820 444 1896 471 non
1920 432 2131 471 secundum
2153 431 2335 470 divinam.
2366 431 2449 481 Spi-

1391 486 1480 524 ritus
1500 493 1628 523 autem
1649 486 1809 524 Sanctus
1830 485 1964 524 dicitur
1983 485 2187 535 postulare,
2208 484 2297 535 quia
2321 492 2449 534 postu-

1391 539 1511 577 lantes
1540 550 1609 576 nos
1638 538 1735 576 facit.

1444 592 1503 628 Ao
1532 602 1722 629 sacuuoum
1757 601 1941 629 oicaunum
1978 591 2083 640 quod
2112 589 2206 629 ratio
2241 597 2277 628 et
2309 589 2449 628 intelle-

1393 650 1473 681 ctus
1493 642 1531 680 in
1551 642 1661 680 nobis
1680 655 1758 681 non
1778 650 1865 681 sunt
1888 642 2060 682 diversae
2090 642 2282 693 potentiae
2301 642 2332 691 ⁴⁸,
2354 650 2394 681 ut
2413 642 2449 680 in

1393 694 1522 734 Primo
1543 694 1562 718 '⁸'
1589 694 1761 733 habitum
1787 703 1861 733 est:
1888 695 2066 735 differunt
2085 704 2211 734 autem
2238 695 2448 734 secundum

1391 747 1601 798 perfectum
1631 755 1667 785 et
1703 747 1975 797 imperfectum.
2019 750 2066 787 Et
2095 748 2180 787 ideo
2219 748 2451 799 quandoque

1392 800 1662 839 intellectuales
1691 807 1897 848 creaturae,
1919 813 2018 851 quae
2047 809 2132 840 sunt
2160 801 2293 851 angeli,
2323 801 2452 840 distin-

1393 859 1558 902 guuntur
1585 864 1607 890 a
1640 852 1901 891 rationalibus:
1945 854 2177 904 quandoque
2216 862 2344 893 autem
2381 854 2452 893 sub

1393 904 1637 944 rationalibus
1666 906 2052 955 comprehenduntur.
2084 908 2131 945 Et
2152 908 2226 946 hoc
2254 907 2373 945 modo
2399 907 2451 946 di-

1394 957 1488 997 citur
1517 957 1636 996 oratio
1656 962 1668 980 ⁸
1697 970 1778 995 esse
1808 958 2004 1008 proprium
2031 959 2221 998 rationalis
2247 967 2451 998 creaturae.

1446 1012 1504 1049 An
1524 1021 1683 1049 TERTluM
1712 1022 1893 1049 mensuum
1919 1012 2023 1060 quod
2053 1012 2141 1061 pulli
2173 1024 2377 1050 corvorum
2401 1012 2453 1051 di-

1395 1070 1529 1102 cuntur
1557 1064 1682 1101 Deum
1712 1062 1903 1112 invocare,
1928 1071 2082 1114 propter
2110 1065 2278 1103 naturale
2308 1065 2454 1104 deside-

1394 1115 1492 1155 rium
1522 1128 1598 1166 quo
1628 1116 1757 1154 omnia
1787 1128 1856 1154 suo
1887 1116 2006 1155 modo
2029 1116 2244 1156 desiderant
2274 1117 2455 1167 consequi

1394 1169 1602 1208 bonitatem
1643 1168 1823 1208 divinam.
1864 1168 1957 1207 Sic‘
1987 1169 2099 1208 etiam
2135 1171 2243 1209 bruta
2279 1170 2455 1209 animalia

1394 1221 1569 1261 dicuntur
1596 1222 1681 1260 Deo
1711 1221 1881 1271 obedire,
1903 1230 2057 1273 propter
2086 1224 2296 1262 naturalem
2328 1223 2457 1262 instin-

1393 1282 1495 1313 ctum
1526 1287 1603 1325 quo
1632 1287 1654 1313 a
1683 1275 1768 1313 Deo
1798 1282 2015 1314 moventur.

1450 1388 1472 1421 ι)
1492 1387 1588 1415 oratio.
1601 1401 1620 1409 -
1639 1394 1718 1415 oraro
1733 1390 1763 1415 Α.

1449 1422 1475 1456 ζ)
1496 1422 1549 1450 Sic.
1563 1436 1582 1445 -
1603 1423 1678 1451 Sicut
1697 1423 1796 1456 CDGL,
1818 1423 1853 1450 Ee
1871 1424 1909 1451 uic
1928 1424 1958 1450 κ.

1027 1583 1343 1628 ARTICULUS
1378 1583 1714 1628 UNDECIMUS

748 1668 902 1710 UTRUM
926 1667 1080 1702 samen
1105 1667 1179 1708 Qu1
1204 1667 1317 1702 sum·
1342 1667 1384 1700 m
1411 1665 1570 1700 pum».
1594 1666 1744 1700 oaaNT
1767 1666 1852 1699 pao
1876 1666 2001 1699 rioms

866 1737 899 1764 IV
919 1738 1002 1770 sent„
1022 1737 1082 1765 diet.
1100 1744 1140 1768 xv.
1160 1744 1204 1772 qu.
1223 1743 1257 1770 ιν,
1277 1741 1323 1764 art.
1342 1735 1368 1770 ὁ,
1387 1735 1437 1771 qu·
1459 1743 1488 1769 at
1508 1735 1568 1764 diet.
1587 1742 1642 1767 xm.
1662 1743 1708 1770 qu.
1726 1742 1768 1767 m.
1787 1741 1833 1762 art.
1855 1735 1879 1763 3.

401 1836 406 1846 κ
437 1853 441 1856 ,
458 1851 465 1864 ,
496 1823 520 1852 o
531 1821 743 1852 uuoacmum
757 1822 811 1850 stc
821 1820 1061 1849 raoosnrrua.
1071 1808 1231 1848 Videtur
1239 1809 1343 1860 quod

415 1861 466 1924 '⁴¹4
498 1863 617 1905 sancti
635 1863 700 1916 qui
730 1870 816 1902 sunt
843 1862 881 1901 in
899 1862 1019 1914 patria
1039 1873 1116 1901 non
1145 1869 1254 1901 orent
1273 1873 1343 1914 pro

309 1927 422 1963 mv,
448 1916 621 1970 anobis.
664 1918 782 1956 Actus
818 1914 919 1965 enim
954 1914 1109 1955 alIcuius
1141 1914 1262 1966 magis
1291 1922 1346 1954 est

294 1965 438 2006 J>'A⁴··'·²’>¹·
458 1970 465 1985 ‘¹
499 1968 712 2010 meritorius
744 1968 813 2009 sibi
842 1979 959 2019 quam
987 1967 1078 2008 aliis.
1123 1967 1200 2008 Sed
1228 1967 1345 2007 sancti

289 2021 354 2076 qui
383 2021 470 2064 sunt
503 2023 541 2063 in
569 2021 690 2074 patria
725 2034 804 2062 non
832 2028 1025 2061 merentur
1052 2019 1143 2070 sibi,
1177 2033 1248 2060 nec
1275 2034 1345 2072 pro

287 1883 292 1888 ·
320 1882 341 1908 tx
355 1876 392 1925 μ

177 2098 186 2110 .
214 2087 229 2102 ⁴«
289 2086 336 2117 se
363 2083 492 2116 orant:
530 2075 620 2127 quIa
645 2075 723 2115 iarn
759 2082 847 2114 sunt
883 2074 922 2113 in
956 2073 1116 2113 termino
1145 2073 1346 2114 constituti.

290 2129 392 2180 Ergo
421 2128 535 2168 etiam
564 2140 689 2179 neque
717 2139 787 2179 pro
817 2127 928 2167 nobis
955 2134 1075 2166 orant.

290 2234 376 2276 Deo
406 2234 657 2284 conformant,
686 2241 728 2273 ut
756 2245 834 2273 non
860 2233 978 2273 velint
1005 2232 1075 2272 nisi
1103 2233 1208 2284 quod
1242 2234 1349 2273 Deus

290 2287 383 2327 vult.
405 2286 482 2327 Sed
502 2286 593 2327 illud
612 2285 717 2338 quod
737 2286 842 2326 Deus
857 2291 874 2310 ⁶
893 2286 973 2326 vult
992 2298 1145 2338 semper
1159 2285 1346 2337 impletur.

291 2340 394 2391 Ergo
422 2340 556 2379 frustra
583 2339 702 2380 sancti
729 2351 800 2391 pro
829 2339 939 2379 nobis
967 2346 1129 2378 orarent.

347 2393 381 2433 3.
402 2393 643 2443 Fumant,
674 2393 770 2432 sicut
797 2393 915 2432 saneti
943 2391 1008 2443 qui
1046 2399 1133 2431 sunt
1164 2391 1202 2430 in
1229 2391 1350 2442 patria

291 2452 378 2487 sunt
405 2445 620 2498 superiores
648 2445 770 2491 nobis,
800 2445 849 2485 ita
878 2452 914 2485 et
938 2444 987 2484 illi
1007 2444 1072 2495 qui
1101 2451 1187 2483 sunt
1206 2443 1243 2483 in
1262 2456 1350 2496 pur-

228 2499 230 2502 ’
291 2498 457 2551 gatorio:
487 2498 576 2560 quia
604 2498 680 2538 iam
709 2509 868 2549 peccare
897 2509 974 2537 non
1003 2504 1174 2548 possunt,
1205 2497 1281 2536 Sed
1301 2496 1350 2536 illi

292 2551 358 2604 qui
385 2559 472 2591 sunt
499 2563 537 2591 tn
556 2551 775 2604 purgatorio
804 2563 881 2590 non
905 2558 1014 2590 orant
1040 2562 1110 2602 pro
1140 2549 1262 2599 nobis,
1283 2550 1350 2590 sed

292 2603 414 2656 magis
441 2616 512 2644 nos
539 2616 610 2656 pro
635 2604 700 2644 eis.
730 2604 832 2655 Ergo
861 2616 932 2644 nec
959 2603 1076 2643 sancti
1105 2602 1170 2653 qui
1198 2610 1285 2643 sunt
1314 2603 1350 2643 in

293 2657 414 2710 patria
440 2669 510 2709 pro
539 2657 649 2697 nobis
678 2665 798 2697 orant.
1336 2661 1352 2670 ⁸

313 2713 316 2716 ’
345 2722 383 2759 4.
404 2711 636 2761 paslmus,
666 2709 696 2750 si
723 2708 841 2750 saneti
869 2709 933 2760 qui
962 2717 1048 2750 sunt
1076 2709 1112 2748 in
1139 2708 1259 2760 patria
1280 2721 1350 2760 pro

294 2762 405 2803 nobis
433 2770 599 2813 orarent,
629 2763 868 2814 superiorum
898 2770 1115 2802 sanctorum
1145 2770 1244 2801 esset
1271 2762 1351 2801 effi-

295 2815 421 2856 cacior
448 2815 578 2855 oratio.
623 2815 715 2855 Non
744 2826 833 2866 ergo
862 2814 1017 2855 deberet
1054 2813 1247 2876 implorari
1279 2814 1352 2853 suf-

293 2868 455 2920 fragium
498 2867 715 2908 orationum
754 2874 972 2908 sanctorum
1009 2867 1248 2916 inferiorum,
1285 2866 1352 2907 sed

295 2921 422 2962 solum
450 2920 703 2972 superiorum.

353 2974 386 3014 5.
405 2974 640 3021 marram,
669 2971 796 3013 anima
823 2972 924 3011 Petri
951 2983 1030 3012 non
1054 2979 1111 3011 est
1135 2972 1282 3011 Petrus.
1313 2970 1353 3011 Si

297 3038 387 3078 ergo
406 3026 557 3067 animae
585 3033 802 3066 sanctorum
831 3037 902 3076 pro
930 3024 1041 3065 nobis
1064 3031 1215 3064 orarent
1233 3035 1354 3075 quan-

297 3079 362 3120 diu
396 3080 483 3119 sunt
519 3091 542 3119 a
570 3090 731 3131 corpore
767 3085 984 3131 separatae,
1013 3089 1091 3117 non
1125 3076 1353 3117 deberemus

296 3131 534 3184 Interpellare
571 3139 743 3173 sanetum
780 3132 936 3171 Petrum
973 3130 1022 3171 ad
1059 3130 1247 3170 orandum
1279 3142 1352 3222 {ro

297 3185 422 3235 nobis,
451 3184 518 3224 sed
547 3184 714 3226 animam
745 3183 836 3224 eius.
875 3183 994 3224 Cuius
1022 3182 1251 3223 contrarium
1316 3195 1353 3222 c·

248 3256 255 3267 ·
298 3238 409 3278 clesia
438 3237 535 3277 tacit.
563 3237 656 3278 Non
684 3249 772 3289 ergo
802 3236 932 3287 sancti,
961 3236 1009 3277 ad
1038 3235 1164 3276 minus
1189 3243 1276 3277 ante
1296 3248 1354 3275 re-

298 3290 584 3339 surrectionem,
613 3302 684 3342 pro
713 3289 823 3330 nobis
851 3296 972 3330 orant.

351 3411 368 3473 ς
398 3402 765 3474 &sian-tifr'viztlannum
782 3437 849 3463 ΑΒΕ
869 3436 919 3468 Kx.
937 3436 974 3464 ad
990 3436 1165 3498 Vigilantiam
1177 3437 1251 3464 cuiun
1265 3436 1308 3464 hic
1322 3437 1355 3464 Η.

351 3481 367 3510 γ
398 3474 599 3509 naequtvertns.-
613 3473 787 3507 nequiverunt
802 3472 846 3498 DE
874 3471 935 3507 pCl(
955 3472 991 3505 (ot
1003 3479 1020 3499 κ
1042 3472 1061 3506 ),
1080 3475 1210 3507 nequeant
1228 3471 1291 3505 1³01,
1311 3479 1355 3498 m-

299 3510 505 3579 qmgy'paengit
523 3550 602 3571 orare
617 3551 670 3578 pro
686 3543 790 3570 cetu-u.
807 3556 826 3563 -
840 3550 893 3576 pro
911 3541 972 3569 aim
992 3545 1069 3570 orent
1088 3542 1143 3574 ΒΟ,
1162 3549 1215 3569 om.
1235 3542 1310 3570 eeterl
1330 3547 1354 3568 et

1452 1808 1526 1847 San
1556 1818 1702 1846 CONTRA
1730 1818 1796 1846 aar
1823 1807 1927 1858 quod
1957 1807 2091 1846 dicitur
2120 1808 2149 1846 ll
2179 1808 2310 1847 Mach.
2336 1810 2401 1848 ult.
2422 1809 2460 1848 *ε

1398 1861 1477 1900 Hic
1505 1866 1560 1899 est
1585 1860 1650 1911 qui
1676 1860 1834 1899 multum
1863 1865 1950 1899 orat
1969 1871 2044 1910 pro
2058 1860 2200 1911 populo
2229 1866 2264 1900 et
2287 1862 2461 1901 universa

1397 1918 1529 1954 sancta
1557 1913 1716 1961 civitate,
1736 1913 1930 1962 Ieremias,
1946 1924 2020 1963 pro
2048 1914 2132 1953 heta
2160 1914 2244 1953 Dei.

1453 1967 1679 2006 Rssrounso
1707 1978 1891 2006 mceumm
1920 1978 1998 2017 quo
2035 1995 2044 2015 ‚
2074 1966 2169 2006 sicut
2202 1966 2462 2019 Hieronymus

1401 2019 1489 2059 dicit
1507 2019 1539 2068 ⁸⁸¹,
1567 2019 1756 2069 vigilantii
1776 2018 1791 2051 β
1819 2031 1924 2058 error
1948 2019 2015 2058 fuit
2034 2020 2152 2069 quod,
2181 2020 2271 2059 dum
2291 2021 2462 2069 vivimus,

1374 2119 1375 2125 ¹
1401 2078 1530 2111 mutuo
1544 2084 1619 2123 pro
1638 2072 1744 2111 nobis
1758 2084 1872 2111 orare
1883 2083 2103 2123 possumis,-
2116 2078 2317 2124 postquam
2337 2080 2461 2113 autem

1374 2127 1375 2139 ¹
1401 2126 1541 2165 mortui
1568 2125 1764 2173 fuerimus,
1795 2125 1931 2164 nullius
1958 2126 2005 2164 sit
2024 2137 2098 2176 pro
2123 2126 2197 2165 alio
2226 2127 2462 2166 exaudienda

345 2192 380 2221 ο.
401 2182 634 2231 Pantanus,
655 2180 773 2220 sancti
795 2181 960 2232 perfecte
984 2191 1093 2219 suam
1112 2180 1347 2219 voluntatem
1374 2200 1375 2205 =

1402 2179 1547 2218 oratio:
1579 2178 1804 2229 praesertim
1842 2190 1927 2217 cum
1963 2184 2172 2229 martyres,
2202 2179 2376 2219 ultionem
2405 2180 2464 2218 sui

1400 2243 1468 2271 san
1502 2231 1598 2271 uinis
1630 2232 1880 2279 obsecrantes,
1911 2231 2111 2281 impetrare
2137 2232 2369 2282 nequiverint
2387 2238 2414 2271 Υ.
2438 2253 2462 2263 -

1404 2285 1453 2324 Se
1500 2285 1575 2323 hoc
1595 2292 1650 2323 est
1669 2284 1828 2323 omnino
1850 2285 1998 2323 falsum.
2023 2284 2123 2333 Quia
2144 2297 2232 2324 cum
2253 2284 2372 2324 oratio
2393 2297 2463 2336 pro

1403 2337 1482 2377 aliis
1510 2336 1608 2385 facta
1637 2348 1682 2375 ex
1703 2337 1854 2376 caritate
1883 2337 2094 2388 proveniat,
2124 2345 2164 2375 ut
2185 2337 2326 2377 dictum
2356 2346 2411 2377 est
2432 2338 2463 2387 ¹⁸¹,

1404 2396 1546 2442 quanto
1576 2390 1693 2429 sancti
1713 2390 1778 2440 qui
1806 2397 1892 2429 sunt
1919 2390 1957 2429 in
1977 2390 2096 2441 patria
2125 2398 2211 2429 sunt
2231 2391 2464 2442 perfectioris

1405 2442 1585 2492 caritatis,
1615 2450 1718 2482 tanto
1748 2443 1868 2493 magis
1907 2451 2016 2482 orant
2044 2455 2113 2494 pro
2143 2443 2370 2493 viatoribus,
2401 2444 2465 2495 qui

1403 2495 1638 2536 orationibus
1666 2495 1788 2535 iuvari
1815 2503 1993 2547 possunt:
2028 2503 2065 2535 et
2093 2504 2235 2557 quanto
2265 2504 2352 2536 sunt
2379 2498 2464 2536 Deo

1405 2548 1696 2598 coniunctiores,
1725 2555 1830 2588 tanto
1852 2560 1984 2588 corum
2016 2556 2207 2588 orationes
2236 2556 2323 2589 sunt
2345 2550 2465 2600 magis

1406 2602 1580 2641 efficaces
1598 2601 1629 2641 ⁸⁸¹.
1660 2602 1787 2641 Habet
1815 2602 1917 2641 enim
1938 2602 2012 2640 hoc
2041 2602 2194 2642 divinus
2223 2602 2332 2652 ordo,
2352 2610 2393 2642 ut
2421 2615 2465 2642 ex

1405 2654 1644 2707 superiorum
1670 2654 1887 2694 excellentia
1912 2654 1948 2694 in
1970 2654 2147 2694 inferiora
2168 2655 2398 2703 refundatur,
2420 2656 2466 2694 si-

1406 2716 1468 2747 cut
1487 2719 1532 2747 ex
1549 2707 1714 2747 claritate
1734 2707 1822 2746 solis
1843 2707 1879 2746 in
1901 2719 2041 2747 aerem.
2062 2708 2173 2747 Unde
2196 2717 2231 2747 et
2251 2708 2298 2748 de
2315 2708 2465 2747 Christo

1406 2760 1551 2810 dicitur,
1580 2761 1680 2799 Heb.
1701 2772 1747 2799 vn
1768 2760 1808 2799 *ε
1837 2761 2027 2799 Accedens
2056 2772 2129 2811 per
2155 2762 2389 2812 semetipsum
2418 2762 2469 2800 ad
2494 2769 2503 2781 ·

1406 2814 1531 2853 Deum
1559 2813 1610 2852 ad
1636 2812 1945 2863 interpellandum

1406 2866 1480 2905 hoc
1509 2865 1781 2916 Hieronymus,
1811 2871 1942 2905 contra

1405 2917 1576 2970 Apostoli
1601 2923 1637 2957 et
1662 2923 1851 2968 martyres
1878 2918 2002 2957 adhuc
2029 2918 2254 2969 in corpore
2283 2920 2469 2959 constituti

1401 2976 1560 3022 possunt
1585 2982 1698 3010 orare
1715 2982 1790 3021 pro
1818 2971 1948 3010 ceteris
1966 2969 1991 3020 ⁸,
2020 2971 2170 3022 quando
2187 2983 2258 3022 pro
2283 2984 2323 3011 se
2345 2972 2468 3012 adhuc

1406 3024 1539 3063 debent
1565 3036 1642 3063 esse
1665 3023 1812 3063 solliciti
1818 3036 1832 3070 ,·
1859 3030 1999 3075 quanto
2023 3025 2148 3076 magis
2169 3030 2257 3075 post
2283 3036 2466 3073 coronas,

1407 3077 1583 3116 victorias
1610 3082 1645 3116 et
1671 3075 1902 3127 triumphos!

1460 3131 1519 3169 An
1540 3141 1676 3169 ramum
1696 3140 1795 3169 aneo
1814 3140 2000 3170 orazanum
2020 3129 2125 3192 quod
2145 3130 2283 3170 sanctis
2298 3130 2361 3192 qui
2383 3138 2468 3170 sunt

1408 3182 1446 3222 in
1474 3181 1605 3234 patria,
1635 3194 1724 3222 cum
1753 3182 1826 3222 sint
1853 3182 1969 3232 beati,
2000 3182 2089 3222 mhi!
2119 3182 2223 3222 deest
2252 3183 2321 3222 nisi
2350 3183 2467 3233 gloria

1409 3235 1590 3287 corporis,
1610 3247 1680 3287 pro
1696 3247 1772 3287 qua
1791 3243 1900 3275 orant
1914 3240 1938 3275 ⁸.
1965 3236 2087 3275 Orant
2106 3243 2232 3275 autem
2254 3248 2323 3287 pro
2344 3236 2466 3286 nobis,

1409 3288 1546 3339 quibus
1567 3288 1673 3327 deest
1701 3287 1942 3328 beatitudinis
1961 3288 2091 3327 ultima
2115 3288 2307 3338 perfectio,
2338 3289 2385 3328 Et
2405 3301 2468 3328 eo·

2000 2825 2043 2851 ro
2073 2813 2188 2852 nobis.
2229 2814 2277 2853 Et
2312 2822 2467 2865 propter

1410 3401 1461 3432 Pa:
1480 3407 1539 3436 post
1559 3401 1667 3429 solliciti
1684 3402 1780 3428 addunt
1796 3408 1848 3435 pro
1867 3401 1927 3427 aliia
1947 3400 2060 3427 orabant
2080 3399 2116 3431 Η,
2133 3407 2186 3434 pro
2204 3401 2265 3427 alita
2283 3404 2360 3428 orent
2387 3402 2426 3428 ed.
2441 3409 2468 3433 a.

1404 3444 1458 3471 pro
1476 3436 1536 3464 autu
1560 3440 1641 3463 orant
1661 3436 1699 3467 ΡΙ,
1718 3444 1772 3471 pro
1796 3436 1856 3462 attin
1880 3439 1986 3461 oranter
2005 3435 2190 3462 exaudiuntur
2209 3436 2238 3463 C.

1462 3473 1484 3507 ι)
1503 3475 1592 3499 orant.
1606 3486 1625 3493 -
1643 3475 1720 3498 orent
1742 3472 1779 3502 Η;
1805 3479 1851 3505 pro
1879 3472 1964 3497 Orant
1982 3474 2085 3501 autem,
2109 3470 2195 3497 Orant
2221 3471 2358 3505 ΛΗΕΡΡΚ,
2382 3473 2469 3499 (hant

1409 3507 1489 3535 etlam
1510 3508 1552 3538 sc.
1573 3507 1626 3533 Sed
1645 3510 1725 3533 orant
1744 3507 1775 3538 (l,
1794 3514 1846 3532 om.
1867 3506 1949 3540 lpCm
1970 3506 2047 3533 nisi...
2067 3506 2140 3533 dcent
2157 3514 2211 3535 em.
2233 3507 2261 3533 L.

2000 2866 2211 2917 igilantium
2231 2866 2262 2915 ⁴¹,
2293 2866 2397 2906 dicit:
2427 2868 2469 2906 Si
2494 2872 2503 2884 ⁸

2478 648 2487 659 ⁸
2501 647 2528 671 D.
2545 649 2606 675 ¹0⁸4.

2478 703 2544 752 EQu.
2553 709 2630 730 υωιιιι,
2646 707 2687 726 art.

2490 1813 2498 1823 ⁸
2514 1810 2580 1835 Vere.
2596 1817 2626 1838 ιη.

2490 2025 2571 2075 Regni.
2580 2025 2700 2054 vennone„

2589 2080 2603 2114 β

2590 2240 2606 2268 Υ

2492 2340 2501 2352 ·
2515 2341 2567 2364 Art.
2582 2346 2604 2369 7,
2620 2342 2642 2363 κ.

2494 2609 2502 2620 ·
2518 2607 2545 2631 Β.
2560 2609 2611 2631 zuo.

2519 2768 2584 2791 Vm.
2598 2773 2629 2797 ²³·

2519 2871 2573 2895 Loe.
2589 2871 2628 2895 cit.
