2860 4238
91 601 100 610 ⁸
116 599 180 620 Vei-s.
196 604 228 625 14.

90 1028 300 1051 ·s.'rh.1eet.xxn.

98 2672 177 2695 ⁸Loc.
191 2671 232 2695 cit.

101 2937 112 2948 ⁸
131 2934 168 2956 De
186 2933 296 2957 mendac.

99 2968 149 2991 cup.
165 2968 186 2984 v.

101 3258 112 3269 ⁸
123 3257 183 3281 thid.

0 3187 15 3225 ε

0 3221 13 3326 ἒ

1014 207 1280 254 QUAEST10
1311 208 1396 254 cx,
1426 208 1720 245 ARTICULUS
1751 210 1799 244 111

327 286 383 323 nis
413 298 547 323 causa:
576 286 666 335 quia
692 299 760 335 per
787 286 1031 323 mendacium
1063 286 1237 322 iocosum
1258 287 1382 323 nullus
1409 286 1412 324 l

328 339 522 387 decipitur.
553 340 644 376 Non
674 339 775 375 enirn
796 339 844 376 ad
863 340 937 375 hoc
966 339 1141 375 dicuntur
1163 339 1383 376 huiusmodi
1410 338 1411 383 3

327 392 526 429 mendacia
543 400 585 428 ut
605 392 815 438 credantur,
836 392 903 428 sed
923 400 1076 440 propter
1095 391 1382 428 delectationem
1410 401 1411 406 ¹

327 445 469 481 solam:
498 446 600 482 unde
630 453 665 481 et
691 444 959 493 hyperbolicae
980 444 1188 480 locutiones
1215 445 1384 492 quando·
1410 453 1411 456 ’

309 502 402 546 'que
435 497 549 534 etiam
581 498 619 534 in
656 509 762 533 sacra
791 497 981 545 Scriptura
1010 497 1262 534 inveniuntur.
1294 498 1383 533 Non
1410 495 1412 527 ἶ

329 562 417 597 ergo
447 562 563 587 omne
592 550 836 586 mendacium
866 557 921 585 est
947 558 1156 598 peccatum.

382 603 456 639 SED
475 614 622 639 CONTRA
648 614 714 638 EST
733 602 837 650 quod
866 601 999 638 dicitur
1025 602 1140 639 Eccli.
1161 614 1208 638 vu
1227 602 1262 638 *z
1291 602 1386 639 Noli
1410 606 1411 612 ’

327 655 421 692 velle
448 656 598 691 mentiri
623 667 733 691 omne
760 655 1008 691 mendacium.

382 709 606 744 Rx-:spounsso
624 719 808 744 DICENDUM
828 708 931 756 quod
962 707 1051 744 illud
1079 708 1184 756 quod
1203 712 1218 734 Υ
1248 715 1302 744 est
1328 719 1384 742 se·
1411 731 1412 750 Ξ

328 760 495 797 cundum
524 773 563 796 se
593 761 736 796 malum
767 772 811 796 ex
839 772 995 808 genere,
1035 761 1138 797 nullo
1168 760 1286 797 modo
1315 772 1382 808 po-

327 820 398 849 test
427 825 510 849 esse
543 814 688 849 bonum
717 820 754 849 et
790 813 952 849 licitum:
983 813 1071 862 quia
1099 813 1147 850 ad
1176 813 1250 848 hoc
1279 812 1384 860 quod
1411 848 1412 851 ,

328 865 468 913 aliquid
496 865 542 901 sit
569 866 737 912 bonum,
768 865 967 913 requiritur
994 866 1099 915 quod
1127 865 1257 902 omnia
1286 872 1384 901 recte
1411 873 1413 920 g

329 925 569 963 concurrant;
605 919 743 955 bonum
774 919 875 955 enim
909 924 962 955 est
987 930 1037 955 ex
1064 919 1211 968 integra
1248 929 1383 963 causa,
1411 924 1413 955 ἱ

328 970 470 1008 malum
499 977 623 1008 autem
653 977 707 1008 est
731 983 780 1007 ex
814 971 1069 1021 singularibus
1096 970 1316 1018 defectibus,
1345 978 1386 1006 ut
1411 975 1413 1048 ἱ

328 1023 534 1072 Dionysius
569 1024 674 1070 dicit,
703 1036 739 1060 1v
767 1036 848 1072 cap.
878 1025 924 1060 de
957 1024 1043 1060 Div.
1079 1023 1195 1060 Nom.
1224 1024 1243 1043 ³⁸
1277 1023 1385 1059 Men·
1412 1049 1413 1078 ἶ

329 1076 479 1113 dacium
508 1084 635 1114 autem
666 1084 721 1113 est
749 1077 892 1113 malum
927 1088 971 1112 ex
1004 1087 1154 1124 genere.
1189 1076 1257 1112 Est
1285 1075 1386 1112 enim
1412 1084 1413 1119 ξ

329 1136 434 1166 actus
475 1129 614 1166 cadens
651 1141 765 1177 super
792 1129 999 1166 indebitam
1037 1128 1253 1166 materiam:
1297 1141 1384 1165 cum

329 1182 431 1218 enim
464 1194 581 1218 voces
616 1182 689 1218 sint
724 1182 830 1229 signa
863 1181 1079 1218 naturaliter
1106 1182 1384 1228 intellectuum,

328 1234 538 1271 innaturale
575 1242 632 1271 est
666 1242 702 1271 et
738 1234 948 1272 indebitum
982 1235 1088 1283 quod
1121 1235 1252 1283 aliquis
1288 1247 1386 1272 voce

267 1327 277 1329 A
322 1287 512 1335 :significet
544 1285 581 1324 id
619 1287 725 1336 quod
761 1300 840 1325 non
874 1288 988 1324 habet
1023 1288 1061 1324 in
1098 1296 1237 1325 mente.
1275 1284 1415 1336 Unde}

247 1357 254 1364 ·
279 1351 302 1390 -ζ
328 1340 583 1389 Philosophus
613 1340 720 1387 dicit,
749 1340 787 1377 in
817 1341 868 1377 IV
894 1341 1015 1377 Ethic.
1035 1340 1075 1387 ³¹³,
1104 1341 1208 1388 quod
1237 1342 1388 1378 menda·
1414 1339 1416 1367 ἱ
1442 1342 1633 1389 quaedam
1661 1340 1829 1377 indebita
1856 1340 2039 1377 facienda.
2061 1342 2109 1378 Et
2127 1342 2202 1378 hoc
2227 1342 2347 1379 modo
2377 1342 2508 1381 Iudith.

329 1393 428 1430 cium
456 1399 511 1430 est
539 1405 612 1441 per
641 1405 682 1430 se
710 1403 891 1441 pravumv
914 1399 950 1430 et
975 1394 1224 1443 fugiendum:
1255 1405 1387 1430 verum
1414 1390 1417 1439 ’ζ

329 1451 455 1483 autem
473 1444 488 1468 ⁸
515 1452 552 1483 et
567 1447 706 1483 bonum
726 1452 761 1483 et
779 1447 976 1483 laudabile.
1006 1446 1116 1483 Unde
1146 1458 1262 1483 omne
1281 1459 1387 1483 men·
1415 1443 1417 1456 ²

331 1498 482 1536 dacium
503 1507 558 1536 est
575 1507 797 1548 peccatum:
827 1499 922 1535 sicut
942 1499 1054 1535 etiam
1074 1499 1306 1547 Augustinus
1330 1512 1388 1536 as-

330 1552 430 1600 serit,
459 1552 498 1589 in
525 1552 621 1589 libro
649 1558 780 1589 contra
807 1552 1053 1589 Mendacium
1070 1551 1101 1588 ³¹².

383 1608 441 1642 An
470 1617 607 1642 PR1M1JM
635 1617 734 1642 ERGO
754 1616 939 1642 DICENDUM
968 1605 1074 1653 quod
1102 1617 1173 1641 nec
1201 1605 1239 1642 in
1263 1605 1390 1642 Evan-

330 1658 444 1706 gelio,
474 1670 545 1695 nec
578 1658 616 1695 in
653 1658 777 1706 aliqua
807 1658 998 1706 Scriptura
1027 1657 1210 1695 canonica
1245 1658 1301 1695 fas
1336 1665 1391 1695 est

331 1711 477 1759 opinari
506 1711 661 1759 aliquod
689 1711 826 1747 falsum
845 1711 972 1758 asseri,
1002 1723 1073 1747 nec
1102 1711 1207 1759 quod
1235 1711 1389 1759 scripto·
1416 1715 1418 1736 ³

330 1776 390 1801 res
419 1775 551 1801 earum
579 1764 825 1801 mendacium
864 1763 1038 1800 dixerunt
1065 1769 1093 1800 ⁵:
1128 1764 1218 1812 quia
1250 1764 1390 1813 periret
1416 1766 1418 1789 !

330 1817 420 1854 fidei
450 1817 646 1864 certitudo,
668 1829 765 1865 quae
786 1816 996 1854 auctoritati
1024 1829 1152 1853 sacrae
1174 1817 1389 1866 Scripturae
1416 1826 1418 1834 ’

331 1869 509 1907 innititur.
540 1871 581 1906 In
609 1870 684 1906 hoc
712 1882 806 1906 vero
836 1869 940 1918 quod
968 1870 1007 1906 in
1036 1870 1258 1918 Evangelio,
1289 1878 1325 1906 et
1352 1870 1390 1907 in

331 1923 411 1960 aliis
441 1922 641 1971 Scripturis
673 1922 809 1969 sacris,
838 1923 958 1960 verba
986 1922 1200 1970 aliquorum
1236 1922 1390 1960 diversi·
1417 1913 1418 1927 ¹

332 1976 448 2014 mode
467 1976 680 2022 recitantur,
702 1988 780 2012 non
809 1983 865 2012 est
893 1975 1148 2013 mendacium.
1178 1976 1290 2013 Unde
1313 1978 1390 2013 Au-

332 2029 502 2078 gustinus
531 2028 630 2075 dicit,
650 2028 688 2065 in
707 2028 804 2065 libro
823 2029 869 2065 de
892 2029 1081 2065 Consensu
1099 2029 1330 2079 Evangelist.
1349 2029 1390 2065 *:

331 2082 450 2120 Nullo
469 2083 580 2119 modo
599 2082 848 2118 laborandum
877 2093 955 2118 esse
978 2082 1116 2119 iudicat
1142 2082 1208 2130 qui
1226 2082 1391 2130 pruden-

332 2141 388 2172 ter
415 2135 585 2184 intelligit
616 2135 714 2182 ipsas
740 2135 938 2171 sententias
971 2147 1049 2171 esse
1076 2136 1304 2172 necessarias
1332 2147 1392 2172 co-

334 2307 408 2332 non
437 2295 570 2331 debere
597 2306 665 2330 nos
683 2293 893 2330 arbitraric
921 2294 1072 2330 mentiri
1096 2306 1322 2343 quemquam
1349 2295 1392 2341 si,

326 2348 501 2396 pluribus
529 2347 847 2384 reminiscentibus
870 2359 950 2383 rem
975 2358 1088 2395 quam
1108 2348 1308 2385 audierunt
1333 2348 1396 2384 vel

332 2402 523 2445 viderunt,
553 2412 627 2437 non
657 2401 785 2436 eodem
813 2400 924 2436 modo
953 2405 1064 2448 atque
1099 2401 1235 2437 eisdem
1272 2401 1394 2438 verbis

333 2454 463 2492 eadem
492 2465 551 2489 res
568 2453 695 2501 fuerit
719 2453 893 2489 indicata.

387 2509 446 2544 Αι)
478 2518 668 2543 SECUNDUM
701 2517 885 2543 montinum
923 2505 1027 2554 quod
1061 2506 1278 2543 obstetrices
1316 2519 1394 2543 non
1420 2503 1422 2512 '

335 2568 421 2597 sunt
449 2566 711 2596 remuneratae
730 2571 800 2607 pro
827 2558 1044 2595 mendacio:
1075 2559 1142 2596 sed
1161 2571 1231 2607 pro
1259 2559 1394 2596 timore

335 2612 408 2650 Dei
440 2620 476 2649 et
507 2611 793 2658 benevolentia,
834 2624 879 2648 ex
920 2623 995 2660 qua
1022 2612 1204 2660 processit
1238 2613 1396 2649 menda-

336 2666 450 2703 cium.
479 2665 591 2702 Unde
619 2665 808 2712 signanter
828 2664 962 2701 dicitur
988 2665 1112 2701 Exod.
1143 2665 1210 2701 1²¹⁸:
1238 2666 1289 2701 Et
1306 2666 1394 2713 quia

336 2720 540 2756 timuerunt
558 2718 766 2754 obstetrices
784 2718 921 2763 Deum,
936 2718 1147 2764 aedificavit
1164 2718 1234 2754 illis
1253 2719 1394 2755 domos.

337 2770 583 2809 Mendacium
610 2782 704 2807 vero
733 2778 865 2819 postea
893 2782 1056 2819 sequens
1085 2783 1163 2807 non
1190 2770 1257 2807 fuit
1285 2771 1397 2808 meri-

335 2825 488 2862 torium.

390 2880 448 2915 An
462 2887 622 2914 TERTmM
642 2887 826 2912 monimum
855 2875 959 2923 quod
988 2875 1026 2912 in
1054 2887 1160 2912 sacra
1189 2876 1394 2924 Scriptura,

337 2931 432 2968 sicut
465 2928 697 2977 Augustinus
732 2928 821 2965 dicit
847 2928 884 2974 *,
913 2928 1143 2965 inducuntur
1179 2928 1394 2977 aliquorum

337 2991 441 3032 gesta
460 2982 569 3031 quasi
589 2982 761 3030 exempla
779 2981 967 3030 perfectae
987 2981 1154 3018 virtutis:
1185 2981 1232 3018 de
1256 2982 1394 3029 quibus

321 3049 416 3083 “non
445 3043 501 3073 est
519 3034 799 3072 aestimandum
819 3046 886 3071 eos
906 3034 1020 3071 fuisse
1040 3034 1228 3071 mentitos.
1260 3035 1299 3071 Si
1320 3047 1394 3083 qua

337 3098 466 3127 tamen
494 3089 532 3125 in
561 3100 696 3125 eorum
716 3087 822 3124 dictis
842 3095 1049 3136 appareant
1067 3099 1166 3135 quae
1194 3088 1393 3125 mendacia

337 3143 538 3180 videantur
560 3147 595 3188 η,
630 3140 913 3188 intelligendum
947 3148 1003 3177 est
1039 3152 1084 3177 ea
1119 3140 1324 3188 figuraliter
1361 3149 1397 3177 et

338 3195 558 3245 prophetice
588 3193 686 3231 dicta
714 3205 808 3230 esse.
837 3194 949 3231 Unde
969 3193 1199 3241 Augustinus
1229 3193 1328 3240 dicit,
1358 3194 1396 3231 in

338 3249 433 3286 libro
462 3253 593 3285 contra
626 3246 872 3283 Mendacium
891 3245 926 3282 *τ
961 3246 1195 3283 Credendum
1232 3253 1286 3283 est
1317 3247 1397 3284 illos

339 3302 506 3339 homines
533 3300 598 3349 qui
619 3299 843 3348 propheticis
861 3299 1088 3347 temporibus
1105 3299 1212 3349 digni
1237 3300 1397 3336 auctori-

392 3414 419 3447 γ)
439 3414 505 3439 illud
523 3414 603 3446 quod.
619 3427 639 3433 —
657 3414 718 3438 Om.
738 3413 766 3439 Ρ.

392 3448 417 3481 ὃ)
436 3453 534 3474 autem.
550 3463 571 3468 -
589 3449 651 3474 Om.
670 3449 749 3479 ABF3
769 3456 816 3481 pro
834 3451 867 3476 et,
887 3451 927 3473 est
944 3448 1023 3478 Fixa,
1043 3456 1097 3473 orn.
1116 3449 1146 3473 L.

393 3485 414 3516 ε)
435 3485 574 3510 dixerunt.
591 3498 610 3503 -
629 3484 751 3509 dixerint
769 3483 880 3508 PDLsC.

393 3519 418 3552 ζ)
437 3520 575 3545 arbitrari.
593 3534 611 3538 -
629 3519 763 3544 arbitrare
777 3519 918 3550 ABEFIpK
937 3524 962 3543 et
979 3526 1004 3543 a.

482 3573 591 3597 Summas.
610 3572 711 3596 'rm-:ot-
730 3572 762 3597 D.
774 3571 887 3596 Tuomst
905 3571 937 3596 T.
952 3571 994 3596 Vl.

2415 211 2490 256 425

1438 293 1511 324 tate
1525 288 1651 335 fuisse
1678 293 2041 333 commemorantur,
2071 289 2197 324 omnia
2230 299 2326 336 quae
2357 290 2493 336 scripta

1437 346 1524 376 sunt
1550 340 1594 376 de
1623 340 1692 376 illis
1714 341 1930 388 prophetice
1965 341 2121 389 gessisse
2153 346 2263 388 atque
2290 341 2437 377 dixisse.

1491 393 1686 428 Abraham
1707 400 1847 439 tamen,
1864 401 1904 429 ut
1918 394 2149 440 Augustinus
2170 393 2268 439 dicit,
2285 394 2322 430 in
2345 394 2493 435 Quaest.

1443 445 1574 481 Genes.
1594 445 1624 491 ²¹³,
1656 445 1782 481 dicens
1821 446 1954 482 Saram
1982 458 2063 482 esse
2093 458 2201 482 suam
2226 458 2409 493 sororem,
2429 459 2495 483 ve-

1438 497 1585 534 ritatem
1605 498 1725 534 voluit
1745 498 1867 544 celari,
1888 510 1965 534 non
1981 496 1993 519 ⁰
2014 498 2256 535 mendacium
2278 499 2366 535 dici:
2388 511 2495 536 soror

1410 547 1412 550 ’
1439 550 1540 586 enim
1572 550 1705 586 dicitur
1733 551 1820 598 quia
1848 551 1924 587 filia
1952 551 2071 587 fratris
2101 560 2190 588 erat.
2220 552 2331 588 Unde
2361 560 2396 589 et
2416 552 2494 600 ipse

1438 603 1633 638 Abraham
1662 603 1760 649 dicit,
1795 603 1886 639 Gen.
1916 615 1962 639 xx
1979 604 2017 640 *z
2054 605 2148 641 Vere
2173 616 2284 640 soror
2311 617 2395 642 mea
2423 611 2495 641 est:

1410 698 1412 701 ι
1427 655 1516 702 filia
1538 655 1660 702 patris
1687 656 1779 701 mei,
1809 661 1844 692 et
1869 668 1943 692 non
1973 657 2103 693 matris
2135 669 2241 693 meae
2262 658 2373 705 filia:
2408 658 2496 705 quia

1439 707 1577 743 scilicet
1606 719 1651 743 ex
1679 716 1784 756 parte
1808 708 1920 756 patris
1942 708 1974 744 ei
1995 709 2184 746 attinebat.
2215 731 2238 737 —
2268 711 2382 747 Iacob
2400 722 2495 747 vero

1411 756 1412 796 Ξ
1440 760 1596 807 mystice
1626 760 1714 796 dixit
1744 773 1782 797 se
1813 773 1893 797 esse
1914 762 2028 806 Esau,
2048 762 2344 810 primogenitum
2374 764 2494 799 Isaac:

1439 812 1528 860 quia
1554 812 1730 849 videlicet
1766 813 2017 862 primogenita
2051 814 2146 851 illius
2176 815 2222 852 de
2251 815 2332 852 iure
2361 816 2395 852 ei
2433 816 2495 852 de-

1440 866 1636 901 bebantur.
1679 866 1778 902 Usus
1816 873 1944 902 autem
1974 874 2028 902 est
2055 867 2129 903 hoc
2162 869 2280 905 modo
2316 868 2496 917 loquendi

1439 930 1508 966 per
1535 917 1704 965 spiritum
1742 918 1981 966 prophetiae,
2019 919 2066 955 ad
2105 920 2380 968 designandum
2415 933 2498 969 my-

1440 970 1617 1007 sterium:
1655 970 1743 1018 quia
1776 970 1951 1007 videlicet
1983 972 2108 1008 minor
2141 975 2322 1021 populus,
2361 974 2511 1012 scilicet.

1439 1022 1645 1071 gentilium,
1676 1023 1958 1060 substituendus
1988 1032 2065 1060 erat
2092 1025 2130 1061 in
2159 1026 2286 1063 locum
2310 1026 2498 1075 primoge-

1441 1076 1517 1122 niti,
1547 1076 1686 1112 scilicet
1713 1076 1751 1112 in
1779 1077 1907 1112 locum
1938 1077 2165 1113 Iudaeorum
2185 1078 2216 1114 ³¹⁸.

1494 1129 1660 1175 Quidam
1684 1141 1778 1165 vero
1809 1129 2127 1166 commendantur
2145 1130 2182 1167 in
2203 1130 2394 1179 Scriptura
2421 1143 2499 1168 non

1440 1189 1595 1231 propter
1612 1182 1817 1230 perfectam
1838 1181 2029 1229 virtutem,
2046 1183 2111 1220 sed
2132 1191 2287 1232 propter
2306 1186 2499 1232 quandam

1439 1234 1586 1271 virtutis
1619 1234 1805 1271 indolem:
1845 1234 1933 1283 quia
1961 1235 2100 1272 scilicet
2137 1237 2344 1285 apparebat
2374 1237 2412 1273 in
2447 1237 2500 1273 eis

1441 1288 1575 1336 aliquis
1594 1287 1792 1324 laudabilis
1812 1287 1983 1334 affectus,
2005 1300 2049 1324 ex
2070 1301 2146 1337 quo
2167 1290 2424 1326 movebantur
2451 1290 2500 1327 ad

1442 1393 1631 1439 laudatur,
1668 1405 1746 1429 non
1783 1393 1870 1442 quia
1909 1394 2064 1430 mentita
2097 1402 2152 1431 est·
2186 1395 2403 1442 Holoferni,
2433 1396 2500 1432 sed

1443 1454 1598 1495 propter
1633 1446 1813 1482 affectum
1851 1458 1967 1493 quem
1996 1447 2127 1484 habuit
2160 1449 2207 1484 ad
2244 1449 2404 1484 salutem
2432 1461 2500 1496 po-

1442 1499 1542 1547 puli,
1581 1511 1650 1547 pro
1689 1511 1766 1546 qua
1801 1499 1976 1547 periculis
2014 1512 2054 1536 se
2093 1500 2274 1548 exposuit.
2315 1501 2501 1547 Quamvis

1416 1561 1418 1572 ¹
1445 1551 1558 1598 etiam
1588 1551 1660 1588 dici
1688 1551 1808 1600 possit
1836 1552 1941 1599 quod
1964 1553 2083 1589 verba
2111 1553 2190 1590 eius
2209 1553 2407 1590 veritatem
2436 1555 2501 1591 ha-

1443 1605 1534 1641 bent
1553 1604 1766 1641 secundum
1795 1604 1960 1651 aliquem
1981 1605 2185 1653 mysticum
2205 1606 2446 1643 intellectum.

1497 1659 1555 1694 AD
1585 1669 1756 1699 QUARTUM
1794 1669 1978 1695 DICENDUM
2008 1659 2111 1705 quod
2150 1659 2393 1696 mendacium
2423 1671 2501 1696 non

1445 1711 1568 1747 solum
1595 1711 1710 1747 habet
1742 1710 1928 1747 rationem
1963 1711 2107 1759 peccati
2145 1723 2190 1747 ex
2218 1711 2360 1748 damno
2399 1713 2502 1760 quod

1443 1763 1578 1800 infert‘
1606 1763 1794 1812 proximo,
1815 1763 1882 1800 sed
1911 1775 1956 1799 ex
1985 1776 2052 1800 sua
2081 1764 2370 1811 inordinatione,
2389 1774 2430 1801 ut
2450 1765 2503 1802 di-

1445 1824 1547 1853 ctum
1577 1824 1632 1853 est
1649 1816 1680 1853 ²⁸.
1712 1817 1803 1853 Non
1831 1816 1916 1852 licet
1944 1825 2072 1853 autem
2102 1818 2227 1866 aliqua
2250 1817 2374 1854 illicita
2402 1818 2503 1855 inor—

1445 1869 1636 1907 dinatione
1664 1869 1716 1906 uti
1747 1869 1795 1906 ad
1815 1868 2103 1918 impediendum
2133 1878 2364 1907 nocumenta
2384 1879 2420 1907 et
2440 1871 2503 1908 de-

1443 1923 1561 1959 fectus
1581 1923 1762 1959 aliorum:
1789 1921 1884 1958 sicut
1902 1934 1981 1959 non
2000 1922 2085 1959 licet
2103 1922 2218 1959 furari
2242 1923 2291 1960 ad
2306 1924 2381 1960 hoc
2400 1925 2503 1973 quod

1443 1977 1560 2013 homo
1592 1976 1875 2023 eleemosynam
1913 1975 2023 2012 faciat
2041 1975 2061 1997 '¹‘
2090 1976 2176 2022 (nisi
2213 1976 2307 2013 forte
2336 1976 2375 2013 in
2413 1990 2503 2014 casu
2532 1979 2542 1989 ⁸

1445 2028 1694 2075 necessitatis,
1726 2028 1765 2065 in
1793 2040 1869 2076 quo
1899 2028 2030 2066 omnia
2058 2036 2145 2065 sunt
2172 2029 2419 2075 communia).
2456 2031 2505 2067 Et

1418 2101 1419 2107 κ
1445 2082 1531 2120 ideo
1566 2093 1644 2118 non
1674 2089 1729 2118 est
1756 2081 1898 2117 licitum
1928 2081 2172 2118 mendacium
2202 2082 2326 2118 dicere
2354 2082 2402 2120 ad
2431 2083 2505 2120 hoc

1418 2178 1419 2181 Ἰ
1445 2135 1550 2184 quod
1570 2134 1701 2183 aliquis
1721 2134 1836 2170 alium
1858 2146 1879 2170 a
1899 2147 2143 2183 quocumque
2164 2135 2332 2183 periculo
2361 2135 2503 2173 liberet.

330 2189 569 2238 gnoscendae
594 2188 752 2233 veritati,
772 2188 992 2236 quibuslibet
1009 2189 1131 2225 verbis
1146 2189 1300 2236 fuerint
1325 2201 1393 2225 ex·
1418 2184 1419 2214 l

328 2242 501 2290 plicatae.
538 2242 590 2278 Et
615 2241 652 2277 in
689 2242 760 2277 hoc
794 2246 968 2289 apparet,
998 2249 1039 2277 ut
1075 2241 1216 2278 ibidem
1246 2241 1391 2288 subdit,
1418 2244 1420 2258 ‘

1446 2188 1551 2225 Licet
1578 2196 1707 2224 tamen
1734 2188 1934 2224 veritatem
1974 2189 2162 2224 occultare
2195 2188 2402 2236 prudenter
2435 2190 2504 2226 sub

1446 2242 1571 2290 aliqua
1592 2240 1906 2278 dissimulatione:
1937 2248 1976 2276 ut
1995 2240 2227 2289 Augustinus
2254 2241 2349 2288 dicit,
2376 2248 2506 2279 contra

1419 2306 1420 2321 ³
1445 2294 1691 2331 Mendacium
1710 2293 1742 2330 ³¹³.

1500 2350 1557 2384 AD
1582 2358 1744 2389 QmN’ruM
1768 2357 1952 2383 mCENDUM
1971 2346 2078 2394 quod
2098 2346 2157 2382 ille
2177 2346 2241 2394 qui
2262 2346 2402 2395 aliquid
2420 2359 2507 2395 pro-

1446 2400 1567 2446 mittit,
1589 2400 1618 2436 si
1647 2400 1786 2436 habeat
1805 2399 1977 2435 animum
2007 2398 2167 2435 faciendi
2187 2400 2292 2447 quod
2310 2400 2506 2448 promittit,

1447 2465 1525 2490 non
1555 2452 1749 2489 mentitur:
1779 2451 1866 2499 quia
1895 2463 1973 2488 non
2002 2452 2167 2500 loquitur
2187 2460 2316 2489 contra
2335 2452 2374 2489 id
2402 2454 2507 2502 quod

1447 2506 1540 2554 gerit
1562 2506 1600 2542 in
1620 2513 1759 2542 mente.
1791 2504 1829 2541 Si
1849 2516 1943 2541 vero
1972 2517 2050 2541 non
2070 2504 2179 2541 faciat
2198 2506 2302 2553 quod
2322 2506 2506 2554 promisit,

1447 2567 1538 2596 tunc
1563 2558 1714 2596 videtur
1741 2557 1944 2594 infideliter
1971 2569 2082 2606 agere
2110 2570 2178 2606 per
2195 2559 2270 2595 hoc
2299 2559 2402 2607 quod
2431 2560 2508 2596 ani-

1448 2624 1556 2650 mum
1586 2619 1718 2648 mutat.
1757 2612 1887 2647 Potest
1914 2618 2042 2648 tamen
2071 2611 2241 2647 excusari
2270 2623 2314 2647 ex
2342 2612 2506 2649 duobus.

1448 2666 1536 2703 Uno
1565 2664 1697 2711 modo,
1727 2663 1757 2700 si
1784 2663 1957 2712 promisit
1977 2663 2014 2700 id
2033 2664 2137 2711 quod
2167 2671 2222 2700 est
2249 2664 2446 2701 manifeste
2467 2665 2508 2701 il-

1448 2718 1610 2755 licitum:
1640 2717 1728 2766 quia
1745 2716 2004 2764 promittendo
2023 2716 2207 2765 peccavit,
2228 2717 2413 2754 mutando
2443 2730 2507 2754 au-

1448 2779 1527 2808 tem
1555 2769 1794 2819 propositum
1823 2770 1921 2805 bene
1940 2769 2036 2806 facit.
2067 2789 2091 2797 —
2118 2768 2204 2805 Alio
2233 2769 2364 2816 modo,
2386 2770 2415 2806 si
2436 2771 2509 2807 sint

1449 2831 1616 2861 mutatae
1646 2821 1883 2860 conditiones
1911 2834 2161 2870 personarum
2192 2829 2228 2858 et
2255 2822 2505 2869 negotiorum.

1449 2877 1499 2914 Ut
1527 2876 1627 2913 enim
1657 2877 1802 2912 Seneca
1831 2874 1931 2922 dicit,
1962 2875 1999 2911 in
2027 2875 2122 2911 libro
2151 2875 2197 2911 de
2214 2876 2376 2923 Benefic.
2397 2875 2428 2922 ³¹⁶,
2458 2877 2507 2913 ad

1448 2931 1523 2966 hoc
1551 2929 1656 2977 quod
1684 2929 1802 2965 homo
1831 2935 2002 2964 teneatur
2030 2928 2152 2964 facere
2182 2929 2286 2976 quod
2313 2929 2506 2976 promisit,

1450 2981 1648 3030 requiritur
1685 2980 1789 3030 quod
1831 2981 1962 3018 omnia
2002 2980 2200 3017 immutata
2236 2989 2506 3029 permaneant:

1450 3035 1617 3083 alioquin
1645 3046 1716 3071 nec
1743 3033 1812 3070 fuit
1840 3033 2006 3070 mendax
2035 3034 2073 3070 in
2091 3033 2362 3082 promittendo,
2384 3035 2473 3082 quia
2491 3041 2508 3057 ἰ

1449 3087 1623 3136 promisit
1650 3086 1755 3135 quod
1789 3087 1955 3123 habebat
1982 3086 2020 3123 in
2056 3094 2204 3133 mente,
2243 3087 2508 3125 subintellectis

1451 3140 1585 3178 debitis
1614 3139 1909 3185 conditionibus;
1940 3151 2011 3175 nec
2030 3139 2142 3176 etiam
2169 3146 2223 3176 est
2242 3139 2403 3176 infidelis
2430 3153 2509 3178 non

1450 3193 1646 3242 implendo
1676 3192 1781 3241 quod
1807 3191 1991 3240 promisit,
2021 3192 2110 3240 quia
2139 3192 2297 3228 eaedem
2327 3193 2509 3230 conditio-

1422 3252 1425 3298 ᾖ
1451 3259 1518 3284 nes
1547 3258 1624 3283 non
1646 3253 1781 3282 extant.
1811 3245 1922 3282 Unde
1942 3252 1978 3281 et
1996 3246 2204 3293 Apostolus
2232 3257 2310 3282 non
2331 3253 2385 3282 est
2404 3258 2509 3283 men-

1450 3300 1550 3346 titus,
1573 3299 1635 3348 qui
1665 3311 1743 3335 non
1762 3298 1829 3335 ivit
1848 3297 2087 3342 Corinthum,
2109 3310 2185 3346 quo
2206 3310 2245 3334 se
2265 3298 2406 3335 iturum
2426 3311 2509 3336 esse

1505 3413 1532 3445 η)
1553 3413 1702 3437 videantur.
1720 3425 1739 3430 —
1757 3411 1882 3436 videntur
1901 3411 1928 3435 Ρ.
1969 3429 1972 3432 .

1505 3446 1529 3479 θ)
1549 3455 1612 3472 non.
1629 3461 1647 3466 -
1665 3450 1692 3472 et
1710 3454 1761 3471 non
1781 3447 1827 3470 Pa.
1845 3459 1863 3465 —
1882 3446 1932 3470 Pro
1945 3445 2054 3479 fratris,
2069 3446 2159 3478 patris
2177 3446 2206 3471 P.

1506 3483 1524 3515 ι)
1544 3483 1633 3516 infert.
1651 3496 1670 3501 -
1689 3482 1804 3515 insertur
1823 3481 1896 3505 PDE.

1506 3518 1531 3549 z)
1551 3518 1622 3550 quia.
1639 3531 1658 3537 -
1676 3517 1747 3549 quod
1765 3516 1912 3547 ABEFKL3
1932 3524 1979 3548 pro
1997 3516 2076 3548 quod,
2097 3517 2159 3548 quia
2177 3517 2206 3542 L.

2338 3570 2370 3602 54

2523 451 2533 460 ⁸
2543 449 2590 476 Qu.
2601 454 2665 469 xxvi.
2677 460 2686 464 -
2697 448 2732 470 Cf.

2524 476 2613 497 Contra
2624 474 2733 496 Mendac-

2522 508 2652 549 statu.
2660 501 2733 553 {3313

2523 560 2734 582 cap.xxx111,xxx1v.

2523 619 2532 626 '
2547 615 2614 637 Vera.
2629 621 2658 636 12.

2526 1079 2535 1087 ⁸
2552 1077 2610 1099 Gen.
2620 1083 2671 1105 cap.
2681 1083 2735 1103 xxv,

2526 1110 2585 1125 vers.
2601 1110 2634 1133 23.

2529 1825 2539 1834 ⁸
2553 1824 2579 1845 In
2594 1829 2699 1851 corpore.

2534 2293 2543 2303 ⁸
2552 2293 2608 2320 cap.
2616 2299 2639 2314 x.
2650 2304 2660 2308 -
2671 2292 2706 2314 Cf.
2715 2293 2744 2314 de

2535 2319 2640 2341 Mendac.
2655 2325 2706 2347 cup.
2720 2325 2742 2340 x.

2535 2880 2544 2889 ⁸
2564 2877 2614 2902 Lib.
2634 2876 2674 2904 IV,
2694 2883 2744 2904 cap.

2534 2913 2604 2929 xxxv.
