2670 4186
2304 214 2351 237 XV

310 277 508 318 Elenchis
542 277 632 317 istis
667 283 860 316 nostrum
883 277 1135 317 variantium
1169 284 1418 332 apparatum
1453 279 1738 320 exhausimus.
1774 280 2048 322 Desideraret
2071 282 2166 335 quis
2200 295 2350 323 omnes

186 339 398 379 variantes
433 339 630 379 codicum
669 338 816 378 tertiae
857 338 1022 378 classis:
1067 346 1110 378 at
1151 345 1288 380 stante
1322 340 1550 381 eminentia
1593 341 1789 382 codicum
1823 342 2003 395 primae,
2037 343 2190 383 sufficit
2226 344 2351 384 nobis

187 406 349 441 textum
383 400 647 441 recensuisse
681 399 917 439 secundum
951 400 1042 448 hos,
1066 401 1314 453 praesertim
1347 402 1583 442 secundum
1617 403 1746 450 ABE
1782 417 1960 457 eosque,
1985 405 2056 444 ubi
2081 418 2351 458 quacumque

188 475 240 502 ex
273 475 402 502 causa
435 461 635 516 expedire
668 460 854 507 videtur,
887 461 1133 502 moderatos
1175 475 1249 516 per
1282 469 1447 502 ceteros
1482 464 1715 504 Vaticanos
1756 471 1797 504 et
1830 471 2045 519 quotquot
2077 466 2223 506 videre
2257 467 2352 507 licet

187 524 306 564 alios.
342 523 426 574 Qui
459 529 597 562 totum
634 529 803 575 tempus
837 523 915 562 soli
952 523 1177 563 Secundae
1216 524 1441 564 Secundae
1482 525 1728 578 impendere
1761 532 1920 579 potest,
1955 540 2105 568 omnes
2139 527 2350 568 variantes

189 584 417 632 exscribat;
452 597 539 637 quo
573 589 715 624 tamen
749 583 883 624 fructu
917 585 1166 640 Theologis,
1192 598 1244 625 ex
1277 585 1507 638 specimine
1542 586 1642 626 dato
1678 587 1939 628 diiudicetur.

311 707 383 747 Ad
418 706 639 748 citationes
674 707 792 760 quod
826 707 990 755 attinet,
1026 707 1248 760 sequentia
1281 706 1470 747 notanda
1502 714 1611 747 sunt.

313 768 536 820 Qu.1„V111,
562 774 636 808 art.
662 781 701 820 9,
737 783 824 823 arg.
860 769 953 810 SED
988 780 1179 809 CONTRA.
1214 768 1295 807 Hic
1329 769 1698 822 typographorum
1732 783 1872 811 errore
1906 772 1949 812 S.
1974 772 2052 813 Th.
2077 773 2168 813 lect.
2195 785 2250 820 111,
2275 786 2352 826 pro

188 830 232 871 S.
267 830 347 870 Th.
382 830 474 870 lect.
509 843 534 876 1,
570 830 611 870 in
646 830 838 885 margine
871 830 1089 870 indicatur.

312 891 394 943 Qu.
430 904 500 939 LX,
536 898 609 932 art.
645 893 685 932 3.
728 911 741 926 ‹
772 890 1035 944 Respondeo
1072 890 1299 931 dicendum
1343 891 1474 944 quod,
1514 891 1622 931 sicut
1644 892 1808 932 Tullius
1843 893 1953 941 dicit,
1987 894 2172 948 suspicio
2196 895 2354 949 impor-

186 960 247 994 tat
280 953 528 1007 opinionem
563 953 678 1000 mali,
714 952 889 1006 quando
925 964 977 991 eX
1010 952 1178 992 levibus
1212 952 1375 992 indiciis
1409 952 1602 1005 procedit
1632 972 1663 992 ».
1699 954 1946 995 Alexander
1978 956 2177 996 Halensis
2215 959 2353 1006 etiam,

188 1015 307 1055 Sum.
350 1015 489 1055 Theol.
524 1028 563 1068 p.
597 1015 652 1061 II,
689 1027 758 1067 qu.
801 1024 936 1060 CXVII,
971 1013 1127 1053 memb.
1161 1026 1192 1061 1,
1228 1013 1302 1054 ait:
1345 1031 1358 1048 «
1390 1014 1589 1067 Suspicio
1624 1021 1688 1054 est
1720 1016 1831 1055 mala
1863 1016 2071 1069 opinatio,
2106 1018 2213 1058 sicut
2257 1019 2356 1058 dicit

188 1077 354 1117 Tullius
385 1095 417 1116 ›.
454 1076 542 1117 Sed
576 1076 649 1115 ubi
682 1076 764 1115 hoc
799 1074 910 1114 dicat
942 1074 1129 1122 Tullius,
1166 1088 1252 1115 non
1285 1081 1470 1128 apparet.

314 1138 396 1190 Qu.
430 1149 552 1184 LXIV,
595 1143 669 1176 art.
705 1138 743 1177 3.
786 1153 800 1172 «
832 1137 925 1177 SED
965 1147 1144 1177 CONTRA
1183 1148 1267 1176 EST
1310 1137 1429 1190 quod
1466 1137 1737 1191 Augustinus
1776 1138 1886 1189 dicit,
1912 1139 1953 1178 in
1991 1140 2007 1178 I
2041 1139 2092 1179 de
2129 1140 2214 1181 Cz'v.
2246 1141 2356 1180 Dei.-

189 1199 274 1252 Qui
307 1200 398 1240 sine
432 1199 575 1252 aliqua
608 1198 779 1252 publica
811 1198 1177 1238 administratione
1217 1198 1456 1238 maleficum
1490 1198 1760 1247 interfecerit,
1795 1200 1911 1240 velut
1944 1200 2157 1241 homicida
2196 1202 2355 1242 iudica-

187 1261 318 1302 bitur:
361 1266 402 1301 et
444 1266 563 1300 tanto
608 1260 789 1314 amplius
830 1266 991 1313 quanto
1025 1260 1106 1300 sibi
1145 1266 1400 1313 potestatem
1434 1275 1458 1300 a
1490 1261 1588 1300 Deo
1630 1274 1717 1300 non
1751 1274 2000 1302 concessam
2033 1276 2236 1316 usurpare
2270 1277 2356 1303 non

186 1322 326 1364 timuit
351 1341 383 1363 ›.
408 1323 528 1362 Haec
545 1322 587 1361 in
603 1323 803 1369 Decreto,
822 1322 948 1362 caus.
966 1322 1120 1369 XXIII,
1140 1335 1209 1374 qu.
1229 1334 1314 1370 V111,
1335 1335 1424 1362 can.
1450 1322 1746 1376 Quipercutz’t,
1766 1323 2012 1378 Augustino
2039 1324 2355 1365 adscribuntur:

188 1385 308 1426 cuius
335 1384 520 1441 ,canonis
552 1384 732 1437 primam
756 1390 919 1437 partem
942 1383 1209 1435 Hieronymo
1243 1383 1458 1423 adiudicat
1480 1385 1570 1437 ipse
1605 1384 1843 1432 Gratianus,
1868 1386 1994 1425 Caus.
2027 1387 2180 1433 XXIII,
2205 1400 2274 1440 qu.
2301 1399 2355 1434 V.,

185 1453 279 1488 can.
316 1446 407 1498 Qui
435 1445 599 1492 malos,·
631 1445 804 1485 alteram
839 1457 943 1484 vero
978 1450 1152 1497 partem,
1187 1444 1229 1484 in
1263 1457 1349 1497 qua
1371 1445 1506 1484 Verba
1537 1445 1661 1484 allata
1694 1446 1975 1494 inveniuntur,
2004 1461 2081 1487 nec
2104 1448 2217 1501 apud
2251 1448 2356 1488 Hie-

187 1521 428 1562 ronymum,
464 1520 542 1547 nec
576 1506 689 1560 apud
724 1506 1018 1560 Augustinum
1053 1505 1235 1558 reperire
1269 1505 1505 1559 potuimus:
1542 1512 1583 1546 et
1602 1506 1803 1546 videntur
1823 1507 1989 1559 quidem
2023 1510 2210 1549 auctoris
2235 1509 2358 1561 longe

187 1569 442 1615 recentioris,
465 1567 678 1623 fortassis
708 1568 843 1621 ipsius
881 1567 1088 1607 Gratmm·
1116 1580 1215 1607 esse.
1252 1567 1313 1607 Cf.
1349 1567 1597 1622 Friedberg,
1637 1568 1757 1621 Corp.
1792 1569 1878 1608 [ur.
1909 1569 2022 1615 Can„
2049 1570 2175 1610 Caus.
2202 1571 2356 1618 XXIII,

188 1645 259 1686 qu.
292 1643 379 1679 VIII,
415 1644 453 1671 n.
489 1642 590 1682 419.

313 1693 396 1745 Qu.
430 1704 608 1738 LXXXIII,
643 1697 717 1731 art.
755 1702 792 1738 2‘,
828 1690 882 1730 ad
916 1692 956 1731 3.
998 1708 1012 1726 α
1043 1690 1171 1732 Unde
1206 1690 1544 1743 Chrysostomus
1579 1690 1700 1731 dicit:
1737 1691 1974 1731 Considera
2007 1699 2165 1745 quanta
2192 1699 2256 1732 est
2283 1693 2359 1733 tibi

189 1753 615 1801 concessa‘felicitas‚
651 1759 810 1806 quanta
842 1752 980 1807 gloria
1013 1753 1229 1792 attributa:
1265 1752 1532 1792 orationibus
1565 1752 1740 1792 fabulari
1775 1766 1872 1792 cum
1905 1754 2022 1801 Deo,
2058 1767 2154 1793 cum
2188 1755 2358 1794 Christo

189 1817 367 1860 miscere
401 1816 634 1869 colloquia,
671 1821 819 1868 optare
853 1813 972 1868 quod
1005 1814 1130 1862 Velis,
1166 1814 1285 1867 quod
1319 1813 1536 1854 desideras
1570 1815 1786 1868 postulare
1817 1832 1850 1854 ».
1885 1815 2004 1862 Ibid.‚
2040 1821 2112 1856 art.
2155 1815 2218 1856 15.
2261 1835 2273 1850 ‹
2305 1817 2360 1856 Et

189 1878 527 1932 Chrysostomus
551 1877 669 1917 dicit:
704 1877 937 1929 Nunquam
973 1876 1109 1916 oranti
1133 1876 1389 1916 beneficium
1423 1876 1620 1931 denegat,
1644 1876 1717 1929 qui
1751 1883 1798 1916 ut
1830 1882 2000 1917 orantes
2033 1890 2120 1917 non
2149 1877 2357 1925 deficiant,

187 1954 265 1987 sua
298 1940 455 1995 pietate
488 1939 662 1994 instigat
691 1956 724 1979 ».
759 1939 879 1978 Haec
912 1952 937 1978 a
970 1939 1024 1978 D.
1059 1938 1230 1978 Thoma
1262 1938 1303 1977 in
1343 1937 1503 1978 catena
1534 1938 1699 1985 Aurea,
1734 1951 1862 1992 super
1894 1939 1997 1979 Luc.
2033 1951 2121 1992 cap.
2156 1951 2272 1987 XVIII,
2307 1952 2360 1979 ex

189 2002 346 2044 eodem
379 2001 696 2055 Chrysostomo
731 2001 930 2041 citantur:
965 1999 1007 2039 in
1042 2000 1132 2040 eius
1166 1999 1369 2053 operibus
1403 2005 1544 2039 tamen
1577 2013 1665 2040 non
1699 2006 1936 2040 occurrunt.

314 2063 397 2116 Qu.
420 2075 598 2111 LXXXIII,
622 2069 695 2103 art.
723 2061 839 2115 7.,ad
875 2074 913 2102 2.
956 2079 969 2096 ‹
1001 2061 1250 2102 Secundum
1277 2061 1379 2101 illud
1402 2061 1579 2101 Psalm.:
1616 2061 1765 2101 Oratio
1799 2074 1895 2101 mea
1925 2062 1966 2101 in
1995 2061 2090 2101 sinu
2124 2074 2221 2102 meo
2257 2074 2359 2102 con-

187 2131 388 2167 vertetur.
424 2125 602 2166 Glossa:
637 2123 765 2164 idest:
801 2123 893 2164 Etsi
928 2137 1015 2163 non
1049 2123 1110 2164 eis
1143 2123 1310 2177 profuit,
1336 2136 1419 2178 ego
1442 2129 1584 2163 tamen
1620 2137 1706 2163 non
1739 2136 1835 2163 sum
1868 2123 2088 2163 frustratus
2122 2136 2217 2164 mea
2250 2136 2360 2163 mer-

189 2187 295 2229 cede
324 2206 356 2228 ».
391 2187 505 2227 Nihil
539 2187 621 2226 tale
644 2186 686 2226 in
712 2186 870 2226 Glossa
903 2185 1131 2226 Ordinaria
1162 2185 1352 2225 habetur.
1387 2186 1434 2225 In
1457 2184 1715 2224 Interlineari
1738 2185 1909 2239 legitur:
1951 2202 1965 2220 ‹
1994 2184 2120 2232 Idest,
2145 2198 2232 2224 non
2265 2198 2361 2225 sum

187 2249 411 2290 frustratus
442 2266 475 2289 ».
515 2249 572 2288 Et
604 2248 778 2301 Haymo
814 2247 874 2287 sic
909 2247 1100 2301 exponit:
1151 2264 1165 2282 c<
1196 2247 1243 2287 Si
1276 2241 1420 2287 vestra
1462 2246 1598 2286 oratio
1633 2259 1720 2285 non
1758 2246 1892 2300 prosit
1926 2246 2005 2293 eis,
2040 2246 2168 2286 Vobis
2211 2247 2361 2286 saltem

188 2310 380 2366 proderit
409 2328 441 2351 ».
485 2309 731 2350 Alexander
764 2309 983 2356 Halensis,
1025 2309 1144 2349 Sum.
1187 2309 1325 2348 Theol.
1361 2322 1399 2362 p.
1434 2309 1508 2355 IV,
1543 2322 1613 2361 qu.
1651 2319 1768 2355 XXVI,
1808 2309 1964 2348 memb.
1998 2320 2039 2355 V,
2074 2314 2146 2348 art.
2183 2309 2228 2356 3,
2263 2311 2286 2358 ξ
2322 2321 2360 2355 2,

189 2386 260 2427 qu.
295 2373 347 2413 de
379 2372 614 2413 conditione
653 2370 858 2416 secunda,
894 2371 980 2411 fere
1013 2370 1184 2417 iisdem,
1221 2370 1378 2423 quibus
1422 2371 1483 2410 D:
1516 2370 1726 2417 Thomas,
1761 2369 1905 2409 verbis
1948 2370 2139 2424 glossam
2178 2369 2360 2410 exhibet.

314 2434 396 2487 Qu.
433 2445 477 2482 c,
512 2439 586 2474 art.
629 2446 662 2474 1.
714 2451 727 2468 «
766 2432 859 2481 SED
894 2444 1073 2473 CONTRA
1107 2444 1190 2472 EST
1231 2431 1350 2485 quod
1389 2431 1625 2486 Gregorius
1660 2431 1770 2478 dicit,
1802 2431 1842 2471 in
1875 2431 2100 2486 Registro:
2142 2431 2288 2471 Altare
2322 2438 2364 2471 et

189 2496 378 2539 decimas
403 2502 444 2536 et
466 2495 671 2549 Spiritum
705 2495 911 2536 Sanctum
936 2507 1077 2534 emere
1099 2494 1168 2534 Vel
1192 2493 1379 2534 vendere
1412 2493 1691 2533 simoniacam
1718 2493 1926 2533 haeresim
1959 2506 2054 2533 esse
2084 2493 2222 2532 nullus
2255 2492 2362 2532 fide-

188 2558 291 2600 lium
325 2558 495 2613 ignorat
525 2575 557 2597 ».
594 2557 685 2597 Nec
720 2557 764 2597 S.
792 2556 1028 2611 Gregorius
1063 2556 1261 2611 Magnus,
1297 2568 1373 2595 nec
1407 2555 1451 2596 S.
1481 2555 1718 2608 Gregorius
1741 2555 1820 2594 VII
1854 2555 1914 2594 sic
1946 2555 2129 2608 scripsit;
2165 2555 2362 2608 quamvis

189 2620 231 2663 in
265 2621 466 2667 Decreto,
501 2619 628 2660 Caus.
663 2619 692 2666 I,
728 2632 798 2672 qu.
832 2631 857 2665 1,
894 2631 983 2658 can.
1018 2618 1262 2669 Presbyter,
1306 2635 1319 2653 «
1352 2617 1565 2672 Gregorio
1597 2616 1638 2656 in
1673 2616 1874 2671 Registro
1907 2634 1920 2652 »
1969 2616 2197 2656 Gratianus
2230 2616 2363 2656 verba

189 2682 271 2735 ista
302 2681 508 2722 vindicet:
545 2681 619 2734 qui
652 2687 807 2728 tamen,
844 2680 993 2720 eadem
1030 2680 1157 2719 Caus.
1192 2680 1220 2727 Ι,
1256 2693 1325 2732 qu.
1352 2692 1407 2727 111,
1443 2692 1532 2719 can.
1568 2678 1735 2724 Altare,
1773 2691 1823 2717 ea
1856 2678 2047 2718 Paschali
2081 2678 2118 2717 II
2152 2677 2360 2726 attribuit3

189 2743 305 2798 apud
339 2756 469 2797 quem
504 2742 630 2783 etiam
664 2755 752 2782 non
786 2742 1069 2782 inveniuntur.

315 2804 397 2856 Qu.
433 2815 491 2851 CI,
527 2810 601 2844 art.
637 2815 676 2854 4,
710 2803 764 2843 ad
801 2816 838 2844 2.
880 2821 894 2839 «
925 2803 1028 2850 Vel,
1064 2803 1172 2843 sicut
1208 2802 1391 2855 Cyrillus
1433 2802 1608 2855 exponit
1648 2814 1776 2854 super
1808 2802 1989 2847 Lucam,
2025 2800 2255 2853 discipulus
2294 2800 2362 2840 ille

190 2880 278 2908 non
311 2866 431 2920 petiit
453 2865 571 2919 quod
606 2872 768 2919 patrem
802 2865 885 2912 iam
921 2865 1165 2904 defunctum
1198 2863 1413 2917 sepeliret:
1449 2863 1526 2903 sed
1559 2863 1697 2902 adhuc
1722 2862 1938 2902 viventem
1964 2861 2003 2901 in
2026 2867 2243 2901 senectute
2266 2874 2362 2901 sus-

190 2934 371 2971 tentaret
417 2940 646 2981 usquequo
687 2926 896 2980 sepeliret.
939 2925 1070 2977 Quod
1113 2925 1328 2965 Dominus
1369 2938 1456 2964 non
1497 2923 1726 2970 concessit,
1762 2923 1864 2977 quia
1903 2928 2022 2963 erant
2053 2923 2120 2962 alii
2157 2923 2231 2975 qui
2271 2923 2361 2963 eius

191 3003 334 3032 curam
368 2990 526 3030 habere
559 2994 766 3042 poterant,
801 2988 912 3028 linea
945 2987 1186 3041 parentelae
1214 2986 1400 3026 adstricti
1431 3004 1464 3026 ».
1499 2986 1545 3025 In
1583 2985 1754 3026 Catenis
1786 2986 1840 3025 D.
1865 2984 2061 3024 Thomae
2095 2990 2137 3023 et
2169 2984 2362 3024 Corderii

190 3054 295 3094 haec
335 3051 503 3098 eadem,
539 3050 684 3104 paucis
721 3050 864 3090 verbis
906 3049 1094 3097 mutatis,
1137 3048 1297 3102 Cyrillo
1338 3047 1650 3088 adiudicantur:
1692 3046 1769 3087 sed
1806 3059 1946 3099 neque
1990 3046 2031 3086 in
2070 3045 2360 3093 Alexandrini,

191 3127 332 3168 neque
366 3113 408 3153 in
442 3112 823 3165 Hierosolymitani
857 3111 1022 3165 scriptis
1057 3124 1168 3164 quae
1201 3115 1356 3164 extant,
1392 3109 1627 3163 quidquam
1662 3108 1798 3149 simile
1831 3107 2045 3162 reperitur.

237 3198 244 3204 ·
316 3175 399 3228 Qu.
434 3186 522 3223 CXI,
557 3180 631 3215 art.
674 3187 713 3222 1,
749 3174 802 3213 ad
841 3185 880 3225 4.
922 3191 936 3209 ι
967 3174 1023 3213 Et
1054 3172 1290 3213 secundum
1328 3172 1411 3212 hoc
1450 3170 1772 3225 intelligendum
1814 3175 1877 3210 est
1913 3169 2031 3222 quod
2071 3169 2361 3222 Hieronymus

191 3237 293 3279 dicit
326 3236 504 3284 ibidem,
539 3235 659 3290 quod
692 3235 930 3276 secundum
964 3234 1200 3275 remedium
1238 3239 1338 3288 post
1380 3232 1646 3287 naufragium
1681 3238 1745 3272 est
1776 3237 1996 3285 peccatum
2032 3230 2297 3270 abscondere
2328 3248 2360 3270 ι».

192 3299 274 3340 Hic
308 3311 460 3339 omnes
494 3297 684 3344 codices,
718 3310 806 3337 uno
841 3303 1043 3351 excepto,
1085 3309 1225 3349 eoque
1266 3295 1435 3335 nonnisi
1469 3293 1659 3334 secunda
1699 3306 1828 3334 manu
1861 3293 1915 3332 ab
1949 3292 2040 3332 aliis
2083 3292 2360 3346 discrepante,

190 3374 269 3416 pro
304 3359 537 3401 remedium
570 3359 730 3400 habent
755 3361 1007 3412 peccatum:
1039 3357 1158 3412 quod
1198 3364 1239 3397 et
1271 3357 1325 3396 D.
1361 3357 1558 3396 Thomae
1592 3354 1808 3395 contextui
1842 3359 1883 3393 et
1915 3353 2167 3406 Hieronymi
2201 3354 2362 3393 litterae

192 3422 452 3463 contradicit.
495 3422 592 3475 Ipsa
626 3433 811 3473 namque
845 3420 988 3460 habet:
1030 3438 1044 3455 a
1077 3418 1277 3460 Secunda
1312 3418 1423 3458 enirn
1458 3423 1557 3472 post
1591 3415 1856 3470 naufragium
1893 3415 2036 3455 tabula
2069 3422 2148 3462 est,
2184 3421 2225 3455 et
2257 3428 2356 3455 con-

191 3484 345 3525 solatio
370 3484 646 3530 miseriarum,
671 3482 931 3536 impietatem
953 3495 1075 3522 suam
1098 3480 1363 3521 abscondere
1395 3497 1427 3527 »‚
1458 3479 1530 3519 ubi
1554 3478 1739 3518 editores
1762 3476 1942 3516 Maurini
1967 3482 2192 3516 annotant:
2235 3494 2248 3511 ‹
2279 3476 2361 3515 Hic

192 3558 368 3600 quoque
404 3546 474 3598 (sc.
510 3551 610 3599 post
642 3544 804 3597 tabula)
838 3543 1002 3583 addunt
1035 3542 1134 3583 editi
1168 3548 1265 3582 ante
1301 3555 1381 3581 nos
1416 3540 1509 3581 libri
1543 3540 1724 3579 Verbum
1754 3538 2024 3592 poenitentia,
2061 3537 2179 3591 quod
2213 3550 2359 3591 super-
