2860 4244
64 2763 191 2818 Eiet-155}
183 2763 226 2812 agl
219 2763 263 2790 .n‚

67 3134 104 3156 J

107 3140 226 3161 maen.
233 3140 263 3163 153

53 3134 84 3183 ᾖ.

937 271 1203 318 QUAESTIO
1234 271 1424 318 LXXVII,
1454 271 1750 310 ARTICULUS
1780 272 1831 308 IV

295 349 470 386 venditor
498 349 564 397 qui
582 349 712 387 vendit
730 361 812 387 rem
834 349 1046 386 secundum
1068 348 1231 397 pretium
1251 350 1383 398 quod

295 402 459 449 invenit,
490 414 568 440 non
599 403 750 440 videtur
786 410 916 439 contra
950 401 1127 439 iustitiam
1165 402 1287 439 facere
1324 403 1354 439 si
1382 435 1383 440 ,

2400 274 2468 309 153

1410 357 1527 396 neret,
1547 351 1610 387 vel
1630 350 1677 387 de
1700 350 1821 398 pretio
1843 350 2090 396 subtraheret,
2110 349 2397 386 abundantioris
2417 362 2473 386 es—

1410 411 1465 440 set
1483 403 1648 440 virtutis:
1677 403 1856 452 quamvis
1876 403 1924 440 ad
1948 404 2024 439 hoc
2051 415 2130 439 non
2156 402 2331 440 videatur
2355 403 2473 439 teneri

296 454 401 504 quod
428 456 598 493 futurum
627 463 682 492 est
709 468 788 493 non
816 462 991 504 exponat.
1017 455 1057 492 Si
1084 462 1213 492 tamen
1242 467 1355 504 expo-
1381 465 1383 480 ¹
1411 468 1455 492 ex
1482 456 1640 493 iustitiae
1670 456 1810 493 debito.

969 542 1300 576 Commentaria
1323 543 1573 576 cardinalis
1594 544 1795 577 Caietam·

325 623 345 643 u
365 613 499 645 articulo
523 612 616 643 tertio
635 613 778 644 eiusdem
793 613 997 654 quaestionis,
1013 620 1091 643 nota
1108 613 1175 644 tria.
1199 614 1353 650 Primum,

298 625 358 687 lin
382 657 538 697 principio
554 657 696 696 corporis
718 657 856 688 articuli:
881 657 998 688 scilicet
1015 658 1195 696 generalem
1214 658 1355 697 regulam

294 701 379 731 unde
398 700 510 742 aliquis
529 707 654 731 tenetur
677 701 749 731 dare
764 700 918 731 auxilium
932 701 983 731 vel
999 701 1177 738 consilium,
1195 710 1264 738 etc„
1281 711 1354 742 pro-

293 745 394 775 ximo:
418 744 535 774 scilicet
555 744 607 774 vel
630 753 667 774 ex
689 751 776 785 parte
791 745 921 784 agentis,
942 745 1018 786 quia
1034 755 1108 776 suae
1125 755 1216 776 curae
1231 746 1354 776 incum-

293 788 353 825 bit;
377 788 428 818 vel
450 797 488 818 ex
510 794 598 828 parte
621 788 777 828 patientis,
802 789 877 830 quia
893 795 938 820 est
956 789 989 819 in
1006 789 1196 821 necessitatis
1212 789 1354 826 articulo,

291 832 335 863 ita
356 831 446 872 quod
470 841 536 862 non
559 832 660 872 possit
683 833 712 863 ei
740 843 796 873 per
818 833 918 864 alium
939 833 1108 864 subveniri.
1140 834 1175 864 ln
1197 833 1247 863 his
1270 833 1355 863 enim

293 876 421 908 duobus
444 876 567 906 casibus
589 883 715 908 tantum
742 884 866 910 tenetur
889 877 961 918 quis
984 878 1168 918 proximum
1190 877 1355 913 adiuvare,

292 926 327 952 ut
349 920 384 951 in
405 920 508 951 littera
523 920 647 952 dicitur.
673 922 714 952 Et
737 932 774 952 ex
792 921 840 952 his
857 929 904 958 tu,
920 921 1120 963 applicando,
1138 931 1228 952 casus
1245 930 1356 952 occur-

292 960 394 995 rentes
417 964 601 995 determina.

343 1008 536 1044 Secundum,
549 1009 583 1039 in
596 1009 678 1040 calce
692 1008 834 1040 eiusdem
851 1008 1008 1050 corporis.
1025 1008 1114 1049 quod
1129 1007 1209 1038 illud
1225 1007 1354 1043 dictum,

292 1051 426 1084 scilicet:
457 1052 607 1084 Venditor
629 1059 736 1094 potest
761 1063 841 1084 suae
863 1053 1064 1084 indemnitati
1085 1051 1254 1082 consulere
1279 1052 1354 1081 reti-

291 1097 390 1128 cendo
412 1098 573 1128 occultum
597 1099 726 1135 vitium,
751 1103 798 1128 est
819 1097 1062 1136 intelligendum
1087 1095 1218 1136 quando
1241 1094 1355 1125 vitium

292 1141 456 1172 occultum
488 1151 546 1173 nec
578 1142 734 1172 damnum
762 1150 820 1171 nec
851 1140 1030 1180 periculum
1060 1139 1208 1179 proximo
1240 1139 1354 1169 inferre

292 1192 412 1226 potem
436 1193 468 1217 et
489 1195 556 1220 non
577 1185 604 1217 si
626 1185 660 1216 in
674 1184 852 1226 periculum
876 1191 930 1215 aut
953 1184 1108 1214 damnum
1130 1183 1268 1224 proximi
1288 1193 1355 1213 esse
1381 1185 1382 1223 ζ

292 1236 406 1270 potest.
436 1230 477 1260 Et
499 1229 577 1260 scito
601 1229 691 1269 quod
713 1228 739 1258 si
762 1238 811 1259 res
833 1227 1019 1258 huiusmodi
1041 1227 1115 1268 plus
1141 1226 1355 1258 communiter
1380 1225 1382 1250 ἕ

291 1273 473 1305 aestimatur
501 1272 576 1314 quia
597 1272 712 1303 vitium
735 1279 782 1303 est
807 1272 985 1308 occultum;
1010 1271 1172 1313 quamvis,
1197 1278 1355 1312 quantum

289 1325 336 1348 est
349 1324 391 1348 ex
406 1316 696 1358 parte'venditoris,
717 1316 838 1347 iustum
854 1323 1013 1347 servatum
1029 1316 1078 1352 sit,
1094 1317 1250 1346 servando
1266 1316 1355 1356 quod

1408 614 1441 644 in
1464 613 1566 644 littera
1588 614 1718 650 dicitur;
1743 614 1920 644 cavendum
1936 621 2043 644 tamen
2059 621 2104 644 est
2120 623 2170 650 ne,
2194 614 2220 644 si
2237 620 2364 654 emptor
2385 621 2472 654 post-

1409 657 1544 688 modum
1572 667 1639 688 rem
1661 658 1749 688 illam
1772 658 1888 688 vendat
1917 658 2040 688 nescius
2072 658 2189 689 occulti
2217 657 2375 694 defectus,
2399 658 2473 698 plus

1409 701 1524 732 vendat
1547 711 1645 740 quam
1664 701 1703 731 sit
1726 701 1847 732 iustum
1869 702 2017 742 pretium.
2042 702 2206 743 Alioquin,
2222 702 2390 733 vendendo
2407 712 2474 733 rem

1410 745 1532 775 occulte
1548 744 1705 781 vitiosam,
1731 745 1783 776 dat
1806 746 2006 776 occasionem
2030 746 2137 776 damni
2161 747 2301 777 secundo
2325 747 2472 786 emptori.

1409 788 1450 819 Et
1473 795 1640 828 propterea
1666 789 1789 829 primus
1812 789 1976 826 venditor,
2001 791 2147 821 conscius
2175 791 2291 822 occulti
2316 790 2472 826 defectus,

1409 839 1582 873 postquam
1600 833 1751 869 vendidit,
1777 833 1868 864 debet
1891 834 2003 870 dicere,
2027 844 2083 884 per
2097 845 2130 865 se
2152 835 2202 865 vel
2224 844 2281 875 per
2294 835 2402 871 alium,
2419 844 2474 865 oc-

1410 876 1533 907 cultum
1556 875 1716 907 defectum
1739 877 1768 907 ei
1791 877 1847 918 qui
1871 878 1956 914 emit,
1981 878 2036 918 qui
2053 886 2099 909 est
2122 879 2272 909 dominus
2289 879 2346 909 rei:
2371 886 2407 910 ut
2429 879 2474 909 sic

1410 927 1440 950 et
1463 920 1604 960 seipsum
1632 921 1800 951 servaverit
1822 921 2023 958 indemnem,
2048 929 2078 953 et
2101 923 2248 963 proximo
2272 923 2473 954 occasionem

1409 962 1631 994 damnificandi
1655 964 1790 995 alterum
1814 975 1880 995 non
1904 966 2034 996 dederit.

1468 1007 1614 1038 Tertium
1638 1014 1684 1038 est
1706 1008 1739 1038 in
1762 1008 1969 1048 responsione
1993 1010 2032 1039 ad
2055 1017 2215 1050 quartum,
2240 1010 2328 1050 quod
2351 1010 2472 1050 regula-

1408 1051 1482 1082 riter
1505 1051 1721 1082 consideratur
1742 1052 1775 1082 in
1795 1052 1957 1092 emptione
1974 1060 2004 1083 et
2018 1054 2200 1084 venditione
2223 1054 2361 1094 pretium
2384 1064 2472 1094 prae-

1409 1105 1491 1131 sens,
1516 1105 1582 1125 non
1606 1095 1753 1126 futurum
1775 1103 1830 1127 aut
1853 1097 2066 1137 praeteritum.
2095 1098 2130 1127 ln
2153 1098 2344 1138 quibusdam
2368 1105 2474 1129 tamen

1409 1140 1639 1176 contractibus,
1663 1140 1794 1180 quando
1824 1141 1942 1172 scilicet
1972 1149 2037 1172 erat
2065 1151 2113 1172 res
2137 1152 2209 1172 suas
2233 1150 2411 1173 servaturus
2439 1149 2475 1173 ut

1409 1183 1518 1214 futuro
1543 1191 1687 1224 tempore
1703 1185 1861 1221 venderet,
1886 1186 1935 1216 vel
1952 1195 2025 1216 cum
2041 1186 2117 1216 emit
2132 1196 2180 1216 res
2203 1185 2311 1216 futuro
2330 1193 2474 1226 tempore

1409 1227 1621 1268 assignandas,
1639 1228 1718 1259 ratio
1741 1227 1832 1269 pretii
1857 1228 1955 1260 futuri
1979 1230 2124 1261 habetur:
2150 1237 2185 1260 ut
2208 1237 2292 1270 patet
2315 1231 2418 1264 Extra.
2435 1231 2475 1261 de

1414 1271 1540 1310 Usuris,
1566 1282 1632 1312 cap.
1650 1272 1841 1314 Naviganti‚
1859 1280 1917 1304 etc.

1067 1461 1384 1502 ARTICULUS
1415 1460 1689 1512 QUARTUS

577 1545 732 1577 UTRUM
763 1544 932 1580 LICEAT,
955 1543 1260 1579 NEGOTIANDO,
1284 1543 1462 1580 ALIQUID
1487 1542 1642 1574 CARIUS
1665 1543 1867 1574 VENDERE
1892 1544 2017 1581 QUAM
2041 1544 2188 1575 EMERE

1246 1613 1255 1636 I
1274 1613 1362 1642 Pom„
1382 1613 1442 1637 lect.
1459 1619 1515 1637 v'ffl.

422 1722 475 1754 ἐξῇ
499 1707 523 1732 n
543 1705 717 1736 QUARTUM
736 1705 790 1730 sm
810 1704 1050 1730 Pnocrzmrua.
1071 1692 1231 1729 Videtur
1249 1692 1356 1740 quod

320 1724 376 1796 (ζὺ
424 1756 442 1770 v,

297 1799 353 1845 ,3
357 1826 376 1842 φ
370 1813 427 1839 ’,Γ
440 1783 470 1838 ff>
498 1799 669 1838 vendere
690 1812 807 1849 quam
826 1811 967 1836 emere.
997 1798 1098 1835 Dicit
1117 1798 1220 1835 enim
1235 1798 1355 1846 Chry-

347 1844 396 1886 ‘⁵¹'
426 1859 448 1877 ⁴
461 1845 706 1901 Ἳ-εοεῐοωιιε,
727 1864 843 1902 super
870 1852 1005 1889 Matth.
1025 1863 1084 1888 xxi
1103 1851 1142 1888 *z
1176 1851 1353 1893 Quicum-

287 1915 360 1956 que
391 1917 476 1943 rem
513 1913 709 1956 comparat
737 1911 792 1953 ut,
822 1905 1010 1955 integram
1048 1910 1084 1941 et
1118 1880 1354 1951 immutatam

253 1956 493 2007 vendendo,
515 1960 692 2007 lucretur,
707 1959 768 1996 ille
785 1964 838 1996 est
862 1963 1051 1996 mercator
1073 1957 1138 2006 qui
1155 1957 1201 1994 de
1218 1957 1354 2006 templo

287 2013 363 2051 Dei
379 2013 536 2051 eiicitur.
560 2014 611 2050 Et
628 2013 731 2050 idem
746 2012 835 2050 dicit
850 2011 1114 2057 Cassiodorus,
1135 2022 1250 2059 super
1264 2010 1355 2047 illud

255 2086 262 2093 -
287 2066 429 2105 Psalm.
445 2066 476 2112 ²⁸,
502 2067 695 2109 Quoniam
723 2078 797 2102 non
827 2065 993 2115 cognovi
1011 2064 1272 2109 litteraturam,
1292 2064 1355 2100 vel

254 2144 260 2150 -
288 2119 578 2169 negofiationem
607 2118 821 2157 secundum
850 2118 963 2155 aliam
990 2117 1150 2154 litteram
1172 2117 1212 2153 *z
1244 2116 1354 2163 Quid,

289 2290 349 2316 res
376 2278 467 2316 tales
501 2278 688 2317 Dominus
721 2278 826 2315 eiecit
852 2278 898 2314 de
935 2276 1082 2325 templo.

244 2434 248 2437 Δ
289 2385 392 2432 Ergo
419 2384 503 2421 talis
531 2384 735 2433 negotiatio
764 2392 820 2421 est
846 2390 1060 2432 peccatum.

289 2502 372 2528 rem
399 2490 522 2528 carius
549 2491 692 2528 vendat
711 2502 828 2539 quam
854 2490 991 2535 valeat,
1010 2489 1072 2525 vel
1099 2487 1211 2525 vilius
1241 2495 1353 2535 emat,

287 2550 331 2582 ut
353 2555 404 2580 ex
431 2543 538 2582 dictis
555 2543 576 2565 ’¹‘
602 2550 771 2593 apparet.
815 2543 894 2580 Sed
920 2542 983 2579 ille
1011 2541 1089 2590 qui,
1110 2540 1353 2589 negotiando,

289 2609 371 2634 rem
392 2596 514 2634 carius
541 2597 673 2634 vendit
693 2608 809 2646 quam
836 2595 979 2642 emerit,
998 2606 1155 2632 necesse
1175 2602 1231 2631 est
1249 2594 1356 2643 quod

287 2649 352 2687 vel
378 2649 488 2686 vilius
509 2650 642 2687 emerit
669 2661 784 2699 quam
803 2649 940 2696 valeat,
960 2649 1023 2685 vel
1052 2647 1173 2684 carius
1200 2647 1353 2685 vendat.

290 2703 393 2750 Ergo
421 2703 497 2739 hoc
523 2703 605 2740 sine
632 2710 790 2752 peccato
818 2702 900 2739 fieri
929 2714 1008 2739 non
1035 2708 1171 2750 potest.

346 2755 381 2792 3.
401 2756 644 2802 PRAETEREA,
674 2756 932 2803 Hieronymus
962 2754 1050 2791 dicit
1066 2753 1103 2790 *z
1132 2753 1354 2802 Negotiato-

291 2819 371 2844 rem
399 2807 589 2854 clericum,
608 2820 658 2845 ex
685 2809 795 2856 inope
821 2808 984 2854 divitem,
1013 2819 1063 2844 ex
1090 2806 1250 2856 ignobili
1273 2806 1355 2855 glo-

291 2861 446 2906 riosum,
467 2861 577 2908 quasi
601 2862 792 2909 quandam
806 2866 948 2909 pestem
965 2861 1080 2909 suge.
1112 2860 1202 2896 Non
1225 2866 1354 2895 autem

291 2913 497 2961 negotiatio
526 2913 669 2951 clericis
687 2913 947 2951 interdicenda
965 2911 980 2942 β
1009 2924 1091 2949 esse
1118 2912 1269 2949 videtur
1286 2911 1356 2948 nisi

290 2974 447 3015 propter
474 2974 687 3015 peecatum.
725 2967 828 3014 Ergo
862 2965 1092 3013 negotiando
1130 2963 1271 3012 aliquid
1299 2964 1355 3001 vi-

291 3019 363 3056 lius
392 3031 520 3056 emere
548 3027 585 3056 et
613 3020 735 3056 carius
762 3020 928 3056 vendere
958 3026 1014 3055 est
1038 3025 1251 3067 peccatum.

346 3073 420 3110 SED
440 3084 586 3110 CONTRA
605 3084 671 3110 EST
690 3073 795 3121 quod
814 3070 1046 3119 Augustinus
1066 3070 1166 3118 dicit,
1182 3068 1296 3118 su'per
1314 3068 1356 3106 il-

291 3125 357 3163 lud
375 3126 516 3163 Psalm.
536 3125 568 3173 ²¹⁸,
594 3126 780 3167 Quoniam
805 3137 880 3162 non
900 3124 1065 3174 cognovi
1084 3123 1355 3160 litteraturam.-

290 3179 520 3233 Negotiator
537 3178 670 3216 avidus
695 3178 917 3227 acquirendi
928 3189 1001 3226 pro
1029 3177 1167 3214 damno
1187 3175 1382 3232 blasphe-
1380 3193 1382 3202 =

445 1753 578 1785 anon
610 1747 729 1794 liceat,
756 1746 998 1794 negotiando,
1023 1745 1164 1793 aliquid
1189 1750 1206 1766 α
1235 1745 1356 1782 carius
1380 1755 1382 1787 ξ

1462 1693 1690 1728 ΚΕεΡοΝῡΕο
1709 1703 1894 1729 DmENDUM
1924 1693 2028 1741 quod
2048 1693 2096 1729 ad
2119 1694 2372 1741 negotiatores
2390 1708 2475 1744 per-

1408 1744 1502 1781 tinet
1521 1744 1884 1782 commutationibus
1905 1757 2032 1782 rerum
2060 1745 2242 1783 insistere.
2272 1748 2322 1784 Ut
2345 1756 2473 1785 autern

1405 1797 1665 1846 Philosophus
1693 1797 1796 1845 dicit,
1815 1798 1854 1834 in
1882 1799 1895 1835 I
1917 1799 2023 1835 Polit.
2043 1798 2075 1846 ²³⁶,
2098 1799 2236 1849 duplex
2265 1808 2320 1837 est
2348 1813 2473 1839 rerum

1409 1850 1672 1888 commutatio.
1700 1851 1788 1889 Una
1815 1851 1971 1900 quidem
2001 1852 2109 1901 quasi
2137 1853 2316 1890 naturalis
2345 1861 2382 1890 et
2409 1867 2474 1891 ne-

1409 1903 1591 1941 cessaria:
1625 1916 1694 1952 per
1726 1916 1842 1953 quam
1877 1904 2017 1942 scilicet
2052 1905 2096 1942 fit
2132 1907 2382 1943 commutatio
2421 1908 2473 1945 rei

1408 1957 1456 1995 ad
1477 1969 1570 2005 rem,
1590 1957 1652 1994 vel
1672 1969 1799 1994 rerum
1830 1965 1865 1995 et
1885 1958 2143 2007 denariorum,
2162 1967 2319 2008 propter
2345 1972 2475 1998 neces-

1407 2009 1557 2047 sitatem
1585 2010 1698 2047 vitae.
1736 2011 1785 2048 Et
1812 2011 1893 2048 talis
1928 2012 2175 2049 commutatio
2209 2024 2289 2050 non
2322 2014 2474 2063 proprie

1406 2063 1568 2112 pertinet
1588 2063 1638 2100 ad
1665 2064 1932 2112 negotiatores,
1953 2066 2020 2102 sed
2039 2066 2159 2113 magis
2183 2065 2233 2102 ad
2253 2067 2476 2103 oeconomi-

1379 2110 1381 2151 ἓ
1409 2128 1474 2153 cos
1501 2117 1564 2153 vel
1592 2116 1787 2166 politicos,
1817 2116 1882 2165 qui
1910 2118 2053 2155 habent
2085 2118 2288 2168 providere
2315 2121 2378 2156 vel
2408 2120 2475 2157 do-

288 2172 418 2222 inquit,
445 2179 500 2210 est
523 2172 630 2210 aliud
664 2171 867 2222 negotiatio
895 2172 968 2208 nisi
992 2170 1102 2208 vilius
1130 2181 1356 2219 comparare
1379 2170 1381 2189 ⁵

287 2231 324 2263 et
349 2225 476 2265 carius
502 2225 596 2263 velle
622 2223 860 2263 distrahere?
887 2232 924 2261 et
951 2223 1096 2261 subdit:
1130 2223 1355 2273 Negotiato-
1379 2232 1381 2262 ἑ

1124 2276 1202 2313 Sed
1229 2277 1354 2313 nullus
1379 2295 1381 2299 ·

289 2330 434 2369 eiicitur
448 2331 501 2368 de
527 2332 672 2380 templo
692 2331 765 2368 nisi
792 2338 948 2379 propter
966 2330 1121 2378 aliquod
1139 2337 1352 2378 peccatum.
1379 2356 1381 2369 ,

1379 2389 1563 2430 *prop-ter
1599 2382 1748 2419 lucrum
1787 2384 2062 2431 quaerendum.
2106 2384 2156 2420 Et
2186 2385 2282 2421 haec
2319 2384 2475 2433 quidem

343 2449 379 2475 2.
399 2437 634 2486 Pam-nm,
656 2444 787 2475 contra
806 2436 986 2476 iustitiam
1015 2443 1071 2472 est
1089 2435 1195 2484 quod
1219 2434 1354 2483 aliquis
1379 2459 1380 2467 η

1406 2169 1486 2206 mui
1512 2170 1575 2206 vel
1614 2169 1753 2207 civitati
1781 2169 1829 2207 de
1857 2171 1972 2208 rebus
2006 2172 2228 2209 necessariis
2266 2173 2315 2209 ad
2341 2172 2473 2210 vitam.

1406 2222 1491 2260 Alia
1509 2235 1603 2260 vero
1633 2224 1944 2261 commutationis
1968 2224 2112 2273 species
2137 2232 2192 2262 est
2210 2226 2272 2262 vel
2301 2226 2475 2263 denario-

1408 2288 1493 2312 rum
1522 2276 1571 2313 ad
1600 2275 1789 2322 denarios,
1808 2277 1870 2314 vel
1900 2290 2233 2327 quarumcumque
2270 2290 2397 2315 rerum
2425 2279 2475 2316 ad

1408 2328 1595 2376 denarios,
1615 2341 1695 2366 non
1721 2337 1878 2378 propter
1905 2343 1964 2367 res
1997 2332 2231 2368 necessarias
2258 2331 2380 2378 vitae,
2406 2332 2474 2369 sed

1407 2434 1610 2483 negotiatio
1638 2435 1792 2484 proprie
1818 2436 1969 2473 videtur
1997 2437 2046 2474 ad
2083 2437 2336 2485 negotiatores
2364 2437 2475 2486 perti—

1407 2500 1509 2525 nere.
1554 2489 1776 2525 Secundum
1804 2489 2084 2539 Philosophum
2103 2490 2123 2512 *
2151 2498 2292 2538 autem,
2317 2490 2439 2539 prima
2458 2497 2473 2519 Υ

1408 2541 1658 2578 commutatio
1678 2541 1877 2579 laudabilis
1907 2551 1982 2579 est:
2012 2542 2102 2591 quia
2121 2543 2286 2581 deservit
2313 2545 2473 2581 naturali

1407 2593 1631 2631 necessitati.
1653 2595 1831 2632 Secunda
1846 2603 1975 2632 autem
1989 2596 2085 2633 iuste
2099 2596 2350 2645 vituperatur:
2371 2597 2471 2646 quia,

1407 2654 1592 2695 quantum
1622 2654 1677 2684 est
1697 2648 1744 2685 de
1773 2661 1825 2695 se,
1847 2649 2013 2686 deservit
2037 2649 2230 2698 cupiditati
2250 2650 2352 2696 lucri,
2374 2663 2472 2699 quae

1407 2700 1613 2737 terminum
1634 2701 1752 2738 nescit
1780 2701 1848 2738 sed
1875 2702 1914 2738 in
1933 2701 2124 2739 infinitum
2153 2703 2282 2740 tendit.
2312 2704 2362 2740 Et
2384 2703 2471 2740 ideo

1407 2753 1631 2801 negotiatio,
1662 2755 1874 2791 secundum
1907 2767 1947 2791 se
1985 2755 2242 2802 considerata,
2278 2756 2472 2803 quandam

1379 2817 1381 2828 ¹
1406 2805 1679 2855 turpitudinem
1707 2807 1839 2844 habet:
1869 2807 2095 2855 inquantum
2119 2821 2198 2845 non
2225 2808 2404 2857 importat
2424 2809 2472 2846 de

1407 2859 1464 2896 sui
1505 2859 1651 2896 ratione
1693 2860 1812 2896 finem
1853 2861 2059 2898 honestum
2095 2862 2158 2897 vel
2199 2862 2469 2899 necessarium.

1461 2912 1630 2949 Lucrum
1649 2920 1790 2960 tamen,
1807 2913 1913 2961 quod
1933 2921 1988 2950 est
2006 2914 2270 2961 negotiationis
2289 2915 2387 2962 finis,
2403 2915 2472 2951 etsi

1407 2963 1446 3000 in
1466 2964 1524 3001 sui
1552 2964 1697 3001 ratione
1716 2977 1795 3002 non
1823 2966 2003 3014 importet
2022 2967 2162 3015 aliquid
2186 2967 2391 3004 honestum
2411 2968 2471 3004 vel

1407 3017 1678 3065 necessarium,
1698 3018 1789 3055 nihil
1817 3026 1946 3056 tamen
1964 3019 2145 3068 importat
2172 3019 2211 3056 in
2241 3021 2297 3057 sui
2325 3020 2470 3057 ratione

1407 3069 1588 3107 vitiosum
1615 3071 1679 3107 vel
1705 3071 1834 3108 virtuti
1863 3072 2106 3109 contrarium.
2135 3072 2247 3110 Unde
2266 3073 2355 3110 nihil
2384 3086 2470 3122 pro-

1407 3122 1517 3160 hibet
1538 3123 1686 3160 lucrum
1724 3124 1890 3162 ordinari
1919 3126 1967 3163 ad
1996 3125 2161 3174 aliquem
2195 3126 2314 3163 finem
2343 3138 2472 3163 neces-

1408 3176 1572 3223 sarium,
1601 3177 1663 3213 vel
1692 3177 1805 3214 etiam
1839 3178 2057 3215 honestum.
2101 3180 2149 3215 Et
2178 3179 2230 3216 sic
2266 3179 2470 3227 negotiatio

291 3237 390 3277 mat,
413 3243 488 3280 pro
511 3232 642 3280 pretiis
676 3244 805 3269 rerum
833 3232 1010 3268 mentitur
1036 3235 1073 3267 et
1091 3230 1248 3278 peierat.
1282 3227 1356 3265 Sed
1380 3233 1382 3248 ¹
1408 3229 1507 3266 licita
1544 3229 1732 3267 reddetur.
1777 3230 1882 3267 Sicut
1910 3243 1998 3268 cum
2032 3231 2166 3280 aliquis
2203 3233 2350 3270 lucrum
2388 3244 2471 3269 mo-

291 3285 386 3322 haec
408 3285 498 3322 vitia
525 3285 685 3322 hominis
712 3290 809 3331 sunt,
839 3296 913 3321 non
941 3284 1044 3329 artis,
1069 3295 1166 3331 quae
1191 3283 1272 3319 sine
1298 3282 1354 3318 his

292 3338 388 3374 vitiis
407 3338 476 3388 agi
496 3343 626 3386 potest.
656 3338 758 3385 Ergo
778 3337 960 3386 negotiari
984 3336 1196 3374 secundum
1216 3347 1255 3372 se
1276 3347 1354 3371 non

293 3398 349 3428 est
376 3390 558 3428 illicitum.

345 3504 374 3537 α)
392 3504 503 3537 a1iquid.
513 3518 531 3523 —
544 3504 641 3537 aliquis
653 3504 714 3536 lpx;
734 3511 781 3536 pro
793 3510 887 3532 emere,
901 3504 995 3528 emerit
1013 3503 1104 3528 BHlsx
1117 3508 1142 3528 et
1155 3510 1181 3531 a,
1197 3504 1295 3527 emeret
1309 3509 1354 3534 px.
1380 3501 1383 3543 J

347 3538 372 3572 β)
392 3540 585 3565 interdicenda.
599 3554 616 3558 —
636 3539 778 3564 interdicta
798 3539 852 3563 PG.

436 3627 546 3652 Summa
563 3626 666 3651 Tnsor.
685 3626 716 3651 D.
729 3626 842 3650 Tnonffl
860 3625 892 3650 Τ.
907 3625 948 3650 VI.

1410 3280 1617 3319 deratum6
1620 3311 1629 3330 ,
1659 3284 1765 3332 quod
1793 3284 2023 3343 negotiando
2052 3284 2213 3333 quaerit,
2243 3285 2392 3321 ordinat
2421 3285 2471 3322 ad

1381 3335 1550 3374 domus
1578 3348 1670 3373 suae
1703 3337 2036 3384 sustentationem,
2066 3338 2128 3374 vel
2157 3338 2271 3374 etiam
2306 3338 2354 3374 ad
2382 3339 2470 3374 sub-

1380 3380 1643 3425 iveniendurn
1672 3389 1945 3438 indigentibus:
1978 3390 2041 3426 vel
2071 3389 2185 3426 etiam
2215 3402 2302 3427 cum
2336 3390 2470 3439 aliquis

1461 3501 1488 3534 γ)
1509 3501 1661 3527 Secundum
1675 3503 1862 3535 Philosophum
1877 3506 1974 3532 autem,
1984 3503 2263 3534 primm-secundum
2275 3504 2471 3536 Philosophum.

1410 3536 1502 3561 Pri'ma
1520 3540 1610 3562 autem
1630 3538 1676 3562 Pa.

1462 3571 1487 3603 ὃ)
1507 3573 1684 3598 moderatum.
1695 3586 1714 3592 -
1732 3573 1937 3598 immoderatum
1958 3573 2218 3607 BCDEFHIKLpAG
2238 3580 2263 3599 et
2281 3582 2307 3599 K.

2297 3634 2329 3651 20

2501 1812 2583 1839 'Cam
2598 1818 2621 1834 111

2501 1828 2651 1866 sqq.-S.'1²h.
2660 1840 2711 1861 lect.

2501 1871 2542 1892 vn,
2555 1871 2605 1887 vm.

2648 1819 2711 1834 n.¹o

2501 2499 2510 2508 ⁸
2524 2498 2584 2521 lbid.
