2860 4238
179 960 189 971 ⁸
202 961 253 981 Art.
268 966 287 987 2,
302 959 330 981 ad
345 966 361 981 ι.

179 1669 188 1678 ⁸
202 1667 260 1689 lbid.

180 1755 188 1763 ⁸
202 1755 253 1776 Art.
267 1760 288 1782 3.

182 2417 189 2425 ⁸
204 2416 254 2437 Art.
270 2421 286 2443 ι,
300 2415 329 2437 ad
344 2421 366 2444 3.

182 2682 193 2694 ⁸
206 2682 256 2704 Art.
272 2687 291 2709 5,
305 2681 334 2703 ad
346 2688 367 2711 3.

415 204 494 250 454

1066 196 1330 244 QUAESTIO
1361 195 1517 241 CXVII,
1546 194 1841 231 ARTICULUS
1870 193 1920 230 V1

415 281 596 318 virtutum
626 279 801 317 meliores
831 285 916 315 sunt
942 276 1104 326 pecunia
1124 281 1159 321 η,
1190 286 1304 323 quam
1339 273 1474 309 emittit
1528 272 1725 317 meliores;
1756 272 1823 309 sed
1852 271 2017 308 amicitia
2052 271 2172 318 utilis,-
2193 270 2282 318 quia
2311 276 2398 306 sunt
2424 268 2592 306 utiliores

417 333 591 370 liberalis.

470 389 527 423 AD
556 396 714 422 TERTIUM
751 394 934 420 chaNDuM
962 381 1067 429 quod
1102 380 1274 416 liberales
1309 378 1473 414 maxime

1527 325 1566 361 in
1595 325 1841 361 exterioribus
1869 323 1992 371 bonis⁷
2013 336 2111 372 quae
2133 323 2388 360 communiter
2414 322 2592 359 homines

1528 377 1695 414 maxime
1715 378 1883 426 cupiunt.
1914 378 1962 414 Et
1983 377 2096 414 etiam
2115 383 2271 425 propter
2286 374 2298 397 ⁰
2320 375 2484 412 eandem
2506 386 2593 411 cau-

418 446 602 484 amantur‚
624 449 699 474 non
729 436 882 484 quidem
904 433 1066 470 amicitia
1085 432 1246 478 honesti,
1268 431 1375 480 quasi
1404 430 1475 467 sint
1529 442 1611 466 sam
1641 430 1729 466 clari
1757 431 1978 467 redduntur.

469 605 494 635 η)
509 603 634 635 pecunia.
652 616 669 620 —
688 609 766 634 quam
782 600 896 632 pecunia
914 600 960 624 Pa.

1585 595 1609 628 θ)
1629 597 1710 622 etiam
1732 600 1854 629 propter.
1878 610 1897 616 -
1917 599 2032 629 propter
2056 596 2137 621 etiam
2163 594 2317 624 ABCEFIK,
2332 598 2447 627 propter
2469 594 2533 624 GH;
2560 594 2596 618 Et

1533 632 1614 657 etiam
1633 638 1659 656 et
1676 639 1785 657 causam
1804 640 1859 658 orn.
1877 633 1908 658 L.

1090 730 1423 763 Commentaria
1446 727 1698 761 cardinalis
1721 728 1920 761 Caietani

446 837 466 856 N
495 825 643 856 omnibus
680 825 775 855 simul
804 824 941 854 articulis
972 823 1168 864 quaestionis
1203 822 1475 853 centesimaedeci-

420 839 687 910 Imaesepfirnae,
713 869 837 899 adverte
860 868 949 909 quod
977 867 1104 898 habitus
1133 866 1326 898 liberalitatis
1350 867 1389 896 ad
1412 866 1476 896 hoc

415 915 544 955 ponitur
559 920 594 944 ut
609 914 791 944 moderetur
806 922 958 949 amorem,
977 912 1169 942 desiderium
1184 918 1280 952 atque
1296 910 1477 941 delectatio-

1530 821 1667 857 cuniam,
1685 821 1803 852 scilicet
1818 821 1857 851 ad
1874 830 1969 851 usum
1985 820 2116 861 quando
2132 826 2267 860 oportet,
2285 826 2342 850 etc.
2364 819 2405 850 Et
2421 825 2596 859 propterea,

1530 866 1661 906 quando
1682 866 1743 902 dat,
1762 875 1827 895 non
1842 864 1915 894 ideo
1932 865 1985 895 dat
2007 864 2083 905 quia
2099 864 2191 894 illum
2207 870 2307 894 amet:
2332 864 2387 893 sed
2410 863 2486 904 quia
2510 863 2599 893 decet

1529 910 1637 950 ipsum
1661 910 1734 940 dare
1757 909 1813 940 illi.
1838 909 1937 947 Quod
1960 915 2007 939 est
2030 918 2066 939 ex
2089 908 2204 939 morali
2225 907 2332 938 debito
2356 907 2429 938 dare
2442 907 2472 938 *.
2497 906 2598 938 Cuius

414 968 488 988 nem
504 958 656 998 pecuniae
671 957 698 993 *,
715 957 758 987 sic
779 964 815 988 ut
837 957 937 987 homo
962 956 1114 987 afficiatur
1129 956 1169 986 ad
1181 966 1251 987 eam
1275 961 1372 995 prout
1394 965 1477 995 opus
1530 955 1658 995 signum
1682 955 1714 984 in
1738 954 1840 984 littera
1855 953 1872 972 *
1895 952 2031 989 affertur,
2054 952 2131 993 quia
2154 953 2206 983 dat
2229 951 2313 983 notis
2337 958 2367 982 et
2389 951 2516 992 ignotis.

414 1009 460 1033 est
484 1012 519 1032 ea
543 1002 581 1032 ad
606 1012 711 1038 usum,
736 1008 766 1032 et
789 1011 855 1031 non
879 1002 951 1042 plus
975 1010 1033 1031 nec
1052 1001 1167 1031 minus.
1192 1001 1275 1031 Nam
1298 1000 1398 1030 homo
1424 999 1477 1035 sic,

414 1054 445 1077 et
468 1056 533 1076 non
561 1046 648 1076 aliter
671 1045 798 1076 affectus
822 1046 861 1075 ad
884 1045 1069 1086 pecuniam,
1094 1055 1131 1075 ex
1159 1044 1213 1074 tali
1237 1044 1347 1075 affectu
1381 1043 1479 1073 utitur

414 1090 563 1130 pecunia,
588 1097 653 1120 tam
677 1090 716 1120 ad
739 1100 772 1120 se
800 1100 898 1130 quam
921 1090 960 1119 ad
983 1089 1080 1125 alios,
1105 1088 1233 1129 quando
1258 1094 1403 1128 oportet,
1421 1095 1477 1118 etc.

414 1135 461 1164 Ex
478 1144 516 1164 eo
540 1134 626 1164 enim
649 1135 738 1175 quod
762 1141 847 1164 amat
870 1133 1039 1174 pecuniam
1063 1141 1093 1163 et
1117 1133 1289 1162 delectatur
1304 1132 1336 1161 in
1354 1141 1390 1161 ea
1413 1141 1477 1160 non

414 1178 609 1218 simpliciter,
634 1179 686 1209 sed
712 1185 747 1208 ut
770 1188 853 1218 opus
877 1184 924 1208 est
946 1187 982 1207 ea
1005 1178 1044 1207 ad
1068 1186 1174 1211 usum,
1199 1185 1399 1215 consequens
1422 1181 1478 1211 est,

414 1233 488 1253 cum
511 1230 638 1263 tempus
661 1230 707 1253 est
730 1222 855 1258 utendi,
880 1229 916 1252 ut
939 1221 1039 1251 amori
1064 1231 1124 1251 suo
1148 1219 1318 1250 satisfaciat
1343 1226 1374 1249 et
1397 1219 1480 1249 dele-

415 1274 514 1297 ctetur
537 1267 569 1296 in
593 1277 653 1297 usu
677 1266 778 1302 iuius3
810 1273 840 1296 et
871 1266 1000 1306 quando
1030 1275 1095 1295 non
1123 1271 1170 1294 est
1199 1270 1326 1304 tempus
1349 1263 1478 1299 utendi,

415 1311 571 1341 custodiat
594 1321 651 1350 pro
677 1320 747 1346 usu,
765 1317 823 1340 etc.

469 1355 509 1385 Et
532 1355 607 1395 quia
630 1355 706 1384 haec
729 1360 775 1384 est
798 1354 900 1394 prima
923 1353 1095 1384 essentialis
1113 1351 1254 1382 conditio
1277 1351 1479 1388 liberalitatis,

413 1398 485 1428 ideo
509 1408 546 1428 ex
567 1398 636 1438 ipsa
659 1405 778 1429 ceterae
802 1398 891 1428 facile
919 1403 1036 1438 patent.
1065 1397 1190 1427 Scilicet
1218 1397 1308 1437 quod
1337 1395 1481 1436 proxima

414 1442 480 1472 eius
505 1443 634 1473 materia
660 1449 734 1473 sunt
758 1442 919 1482 passiones
951 1440 1215 1481 concupiscibilis
1247 1440 1421 1477 Quoniam,
1446 1447 1482 1471 ut

414 1496 451 1517 ex
475 1487 564 1517 dictis
588 1493 682 1527 patet,
707 1493 754 1517 est
776 1487 927 1517 medietas
947 1485 1074 1522 amoris,
1091 1485 1271 1526 cupiditatis
1294 1492 1325 1515 et
1348 1485 1483 1515 delecta-

413 1531 509 1562 tionis
532 1531 696 1571 pecuniae,
720 1531 798 1561 dum
821 1531 854 1560 in
870 1541 988 1567 amore,
1006 1530 1187 1570 cupiditate,
1205 1529 1410 1560 delectatione
1427 1539 1481 1569 pe-

414 1575 525 1606 cuniae
554 1575 698 1606 medium
721 1575 851 1606 rationis
875 1575 1048 1613 constituit,
1072 1573 1188 1605 faciens
1211 1583 1317 1604 amare
1341 1583 1411 1604 eam
1435 1583 1482 1604 se-

415 1620 558 1650 cundum
581 1620 670 1660 quod
693 1626 830 1659 oportet,
850 1626 908 1650 etc.
933 1637 953 1642 -
976 1619 1017 1649 Et
1039 1619 1129 1659 quod
1152 1625 1275 1648 remota
1297 1617 1365 1648 eius
1385 1624 1481 1648 mate-

414 1663 460 1694 ria
483 1670 529 1694 est
551 1664 686 1704 pecunia
701 1663 735 1700 *,
766 1673 849 1704 quae
877 1670 923 1694 est
950 1663 1111 1693 obiectum
1141 1662 1345 1703 passionum,
1370 1668 1482 1702 utpote

415 1715 533 1744 amata,
558 1708 731 1738 desiderata
755 1714 785 1738 et
808 1707 977 1738 delectans.
1001 1725 1023 1730 -
1046 1707 1086 1738 Et
1110 1707 1198 1747 quod
1222 1706 1371 1747 proprius
1393 1713 1481 1737 actus

415 1753 558 1782 eiusdem
574 1760 620 1783 est
635 1759 717 1782 recte
736 1752 782 1782 uti
802 1751 982 1792 pecunia&
1005 1761 1041 1781 ex
1056 1761 1094 1781 eo
1111 1760 1250 1791 namque
1271 1751 1360 1791 quod
1376 1760 1480 1781 amare

415 1796 490 1827 facit
517 1797 685 1836 pecuniam
709 1796 749 1826 ad
773 1806 884 1832 usum,
909 1805 1108 1836 consequens
1132 1801 1178 1825 est
1203 1801 1239 1825 ut
1262 1795 1301 1825 ad
1325 1795 1480 1825 utendum

415 1841 550 1881 pecunia
565 1841 694 1871 inclinet
712 1840 888 1871 hominem.
911 1840 962 1871 Fit
985 1842 1092 1870 autem
1116 1839 1163 1870 uti
1184 1839 1266 1869 actio
1289 1839 1482 1870 liberalitatis

415 1895 480 1915 non
504 1894 560 1924 per
582 1885 717 1915 modurn
741 1884 935 1924 imperantis,
960 1884 1003 1914 sic
1020 1883 1103 1914 enim
1125 1883 1225 1913 solius
1240 1891 1287 1914 est
1309 1883 1482 1914 voluntatis

415 1936 519 1960 actus:
544 1929 599 1959 sed
622 1939 678 1969 per
696 1929 832 1959 modum
856 1928 1038 1969 exequentis
1053 1927 1160 1964 medii,
1177 1927 1239 1958 hoc
1255 1934 1302 1958 est
1323 1927 1481 1958 moventis

415 1973 514 2009 moti,
539 1972 807 2014 concupiscibilis,
833 1972 991 2013 siquidem
1015 1972 1123 2002 subest
1145 1971 1299 2011 superiori
1324 1971 1481 2012 potestati,

415 2017 575 2047 habituata
597 2012 790 2053 liberalitate,
815 2023 903 2047 mota
927 2027 944 2046 a
966 2017 1146 2052 voluntate,
1171 2022 1279 2046 movet
1302 2017 1481 2056 appetendo

416 2061 566 2092 exteriora
583 2061 734 2098 membra,
758 2067 835 2101 puta
851 2071 965 2091 manus
989 2061 1028 2091 ad
1051 2069 1147 2090 usum
1171 2060 1333 2100 pecuniae,
1349 2060 1400 2090 vel
1422 2060 1482 2090 lin-

415 2116 511 2145 guam
534 2105 574 2135 ad
598 2105 840 2145 significandum
864 2105 1011 2135 ministro
1035 2105 1124 2145 quod
1147 2104 1199 2135 det
1222 2104 1405 2144 pecuniam,
1423 2111 1480 2136 etc.

416 2150 474 2181 Vel
498 2159 554 2190 per
568 2150 704 2180 modum
718 2149 910 2180 removentis
926 2149 1111 2190 prohibens:
1137 2148 1292 2189 quoniam
1307 2149 1390 2180 tollit
1413 2159 1482 2189 pas-

416 2194 539 2224 sionem
555 2194 734 2234 cupiditatis
754 2201 784 2224 et
803 2193 1019 2224 delectationis
1038 2193 1201 2233 pecuniae,
1219 2203 1301 2234 quae
1316 2193 1483 2233 impediret

415 2238 614 2269 voluntatem
629 2239 668 2269 ab
685 2245 757 2270 actu
773 2238 883 2269 utendi
899 2238 1043 2278 pecunia.
1064 2235 1118 2280 (Et
1134 2237 1183 2268 hic
1201 2244 1246 2268 est
1262 2238 1379 2268 modus
1396 2248 1482 2268 com-

417 2282 523 2313 munis
546 2282 695 2313 omnibus
718 2282 886 2313 virtutibus
910 2282 989 2312 circa
1012 2282 1175 2322 passiones
1198 2281 1406 2321 impedientes
1425 2292 1481 2312 vo-

416 2327 571 2357 luntatem
594 2337 611 2356 a
635 2334 719 2358 recto
743 2337 804 2357 usu
829 2327 1019 2357 exteriorum
1043 2326 1264 2357 membrorum
1286 2326 1336 2356 vel
1359 2335 1482 2356 rerum:

418 2377 449 2401 et
471 2377 518 2401 est
541 2378 642 2400 certus
665 2381 700 2401 ac
723 2369 943 2412 indubitatus).
967 2388 988 2393 -
1012 2371 1053 2400 Et
1075 2370 1163 2410 quod
1186 2370 1354 2400 liberalitas
1378 2371 1482 2401 consi-

419 2414 472 2445 stit
493 2414 526 2444 in
550 2414 662 2445 affectu
687 2415 786 2455 magis
810 2425 907 2455 quam
930 2415 962 2444 in
987 2414 1097 2445 effectu
1112 2414 1139 2444 *.
1164 2414 1211 2444 Ex
1226 2424 1264 2444 eo
1285 2414 1370 2444 enim
1394 2415 1483 2455 quod

420 2465 504 2489 amat
532 2459 701 2499 pecuniam
730 2466 827 2499 prout
850 2465 977 2499 oportet
1001 2458 1041 2488 ad
1063 2468 1178 2494 usum,
1204 2458 1369 2488 manifeste
1399 2466 1484 2498 patet

419 2503 508 2543 quod
537 2512 632 2542 penes
662 2503 870 2544 quantitatem
899 2502 968 2533 talis
992 2502 1119 2533 affectus
1143 2502 1300 2532 liberalior
1324 2509 1354 2533 et
1377 2502 1484 2533 minus

418 2546 554 2577 liberalis
578 2546 648 2587 quis
673 2554 736 2578 est:
768 2553 798 2577 et
821 2557 885 2577 non
910 2556 1007 2587 penes
1031 2545 1240 2587 quantitatem
1263 2553 1318 2576 aut
1341 2546 1484 2577 multitu-

420 2591 527 2621 dinem
551 2600 663 2621 eorum
687 2601 769 2632 quae
793 2591 856 2627 dat,
881 2601 955 2621 cum
979 2590 1140 2630 contingat
1163 2590 1299 2620 maxime
1322 2590 1483 2620 liberalem

420 2645 513 2675 posse
528 2635 634 2665 minus
651 2636 735 2666 dare.
751 2653 772 2658 -
789 2635 829 2666 Et
840 2636 929 2676 quod
945 2634 1081 2665 liberalis
1101 2644 1167 2664 non
1185 2641 1231 2665 est
1253 2634 1347 2665 alicui
1363 2635 1433 2675 quis
1449 2645 1485 2665 ex

421 2689 458 2710 eo
474 2679 562 2720 quod
577 2686 662 2710 amat
684 2679 775 2710 illum
790 2679 816 2716 *,
833 2680 895 2709 hoc
915 2679 1000 2709 enim
1017 2678 1249 2709 misericordiae
1273 2686 1327 2710 aut
1351 2679 1485 2710 caritatis

421 2731 480 2760 est,
505 2730 540 2754 ut
562 2723 594 2753 in
617 2723 718 2754 littera
742 2723 871 2754 dicitur:
904 2724 957 2753 sed
982 2733 1018 2754 ex
1042 2733 1080 2754 eo
1105 2724 1193 2764 quod
1217 2731 1298 2754 recte
1323 2730 1407 2754 amat
1430 2733 1484 2763 pe-

1587 999 1623 1029 11.
1649 999 1684 1029 In
1708 997 1914 1039 responsione
1938 997 1978 1027 ad
2001 996 2143 1037 primum
2165 996 2247 1028 tertii
2266 995 2398 1032 articuli,
2414 995 2494 1027 circa
2508 995 2598 1032 illud,

1531 1043 1582 1074 Ad
1607 1043 1831 1073 liberalitatem
1850 1042 1993 1083 pertinet
2015 1041 2092 1072 bene
2115 1042 2164 1072 uti
2189 1041 2308 1071 divitiis
2331 1041 2521 1081 inquantum
2540 1039 2599 1070 hu-

1532 1088 1685 1124 iusmodi,
1715 1087 1849 1117 dubium
1878 1085 2029 1122 occurrit,
2055 1085 2130 1126 quia
2157 1084 2274 1115 falsum
2304 1083 2366 1115 hoc
2388 1083 2537 1114 videtur>
2561 1093 2600 1114 eo

1531 1132 1620 1171 quod
1644 1131 1725 1161 sicut
1748 1129 1980 1170 magnificentia
2005 1136 2051 1160 est
2079 1130 2158 1160 circa
2183 1128 2305 1160 divitias
2327 1137 2474 1168 magnas,
2498 1127 2540 1158 ita
2562 1127 2600 1158 li-

1531 1175 1675 1205 beralitas
1691 1181 1738 1205 est
1757 1175 1837 1205 circa
1853 1173 1976 1205 divitias
1990 1174 2175 1210 mediocres,
2192 1180 2229 1204 ut
2246 1179 2333 1213 patet
2350 1173 2384 1203 in
2397 1173 2439 1203 lv
2449 1172 2553 1203 Ethic.
2565 1171 2599 1208 *;

1531 1230 1567 1250 ac
1586 1229 1642 1259 per
1665 1219 1736 1255 hoc,
1755 1225 1866 1249 neutra
1883 1225 1929 1248 est
1950 1218 2031 1249 circa
2047 1218 2170 1248 divitias
2186 1218 2378 1258 inquantum
2394 1216 2600 1253 huiusmodi;

1530 1263 1656 1294 divitiae
1680 1263 1775 1299 enim,
1796 1269 1832 1293 ut
1855 1261 1907 1299 sic,
1928 1261 2114 1292 abstrahunt
2139 1271 2156 1291 a
2177 1261 2300 1301 magnis
2323 1268 2354 1292 et
2376 1260 2600 1292 mediocribus.

1587 1308 1637 1338 Ad
1654 1308 1716 1338 hoc
1732 1307 1846 1338 dicitur
1861 1307 1950 1347 quod
1968 1316 2041 1336 cum
2058 1308 2180 1336 Auctor
2203 1305 2278 1336 dicit
2299 1305 2518 1336 liberalitatem
2535 1314 2602 1336 esse

1533 1352 1613 1382 circa
1636 1352 1760 1383 divitias
1784 1352 1975 1392 inquantum
1991 1349 2187 1385 huiusmodi,
2210 1349 2242 1390 ly
2266 1351 2454 1390 inquantum
2478 1355 2603 1380 tenetur

1532 1396 1759 1437 specificative,
1784 1402 1815 1426 et
1838 1395 2025 1426 determinat
2050 1394 2268 1425 conditionem
2292 1403 2356 1434 qua
2380 1392 2504 1424 divitiae
2528 1400 2603 1424 sunt

1533 1441 1663 1471 materia
1691 1439 1895 1471 liberalitatis.
1927 1440 1967 1470 Et
1996 1438 2151 1479 quoniam
2181 1437 2323 1468 conditio
2351 1437 2410 1468 ista
2438 1444 2484 1468 est
2513 1438 2603 1478 quod

1533 1485 1660 1517 divitiae
1684 1491 1852 1515 sumantur
1875 1484 1942 1514 sine
1966 1483 2072 1524 aliqua
2095 1482 2273 1518 additione,
2298 1482 2454 1523 quoniam
2477 1481 2603 1514 divitiae

1533 1530 1678 1560 absolute
1701 1536 1847 1569 sumptae
1871 1535 1945 1558 sunt
1971 1528 2132 1558 obiectum
2156 1525 2427 1567 concupiscibilis;
2457 1526 2531 1557 ideo
2558 1533 2603 1558 ta·

1532 1574 1597 1604 lem
1625 1573 1844 1604 conditionem
1866 1571 2052 1612 significavit
2073 1581 2130 1611 per
2153 1578 2264 1602 notam
2287 1569 2604 1614 specificationis&-

1532 1618 1629 1649 tionis
1657 1617 1803 1658 propriae
1831 1617 1973 1657 ipsarum
2000 1615 2192 1646 divitiarum.
2224 1615 2270 1646 Ita
2297 1615 2387 1656 quod
2417 1615 2604 1657 sensuase'st

1534 1663 1623 1703 quod
1647 1661 1782 1692 liberalis
1806 1668 1853 1692 est
1882 1660 1928 1691 uti
1952 1660 2067 1691 divitiis
2094 1660 2286 1701 inquantum
2314 1658 2604 1697 huiusmodi,-lloc

1533 1714 1589 1743 est,
1607 1706 1721 1736 divitiis
1737 1705 1891 1742 absolute,
1908 1705 1976 1735 sine
1992 1704 2154 1735 additione
2170 1703 2285 1744 aliqua,
2301 1703 2516 1735 consideratis.
2535 1701 2604 1737 ffi—

1531 1750 1729 1791 gnificentiae
1748 1759 1824 1780 vero
1841 1755 1888 1780 est
1903 1749 1950 1780 uti
1973 1749 2017 1779 eis
2041 1757 2116 1779 cum
2131 1748 2294 1779 additione
2308 1747 2489 1778 arduitatis:
2512 1742 2604 1779 iusti-

1533 1795 1594 1826 tiae
1610 1802 1718 1825 autem
1742 1804 1816 1824 cum
1832 1793 1992 1824 additione
2017 1792 2124 1828 debiti,
2141 1798 2177 1823 ut
2199 1792 2233 1822 in
2246 1792 2350 1823 littera
2365 1791 2489 1823 dicitur.
2511 1790 2605 1823 Dim

1533 1847 1640 1870 autem
1665 1838 1804 1869 conditio
1835 1837 2007 1878 explicatur
2036 1837 2231 1878 quandoque
2261 1846 2300 1867 ex
2322 1836 2496 1877 quantitate
2525 1835 2604 1870 divi-

1532 1884 1659 1920 tiarum,
1680 1893 1745 1913 non
1765 1882 1855 1924 quod
1878 1881 2037 1922 quantitas
2059 1881 2157 1911 variet
2179 1880 2336 1912 rationem
2359 1879 2525 1912 materiae:
2547 1880 2605 1917 eod

1534 1938 1589 1968 per
1608 1928 1693 1958 viam
1717 1925 2007 1958 circumlocutionis
2031 1925 2204 1966 explicatur
2227 1924 2400 1956 differentia
2421 1923 2504 1956 inter
2525 1922 2605 1963 divi-

1532 1972 1591 2003 tias
1607 1972 1763 2010 absolute,
1788 1979 1818 2002 et
1842 1977 1878 2001 ut
1900 1971 2023 2006 arduas,
2044 1979 2100 2010 per
2114 1979 2181 2000 esse
2197 1979 2328 2010 magnas
2342 1969 2392 2000 vel
2411 1968 2603 2006 mediocres;

1533 2017 1608 2058 quia
1629 2026 1762 2056 magnae
1785 2014 1990 2045 idoneitatem
2023 2014 2185 2055 quandam
2209 2014 2326 2044 habent
2348 2020 2384 2044 ut
2410 2013 2542 2044 tendant
2563 2013 2604 2044 ad

1534 2061 1623 2092 ardui
1641 2060 1806 2096 rationem,
1823 2058 1998 2090 mediocres
2015 2065 2122 2089 autem
2137 2067 2214 2095 non,
2234 2068 2270 2088 ac
2292 2067 2349 2098 per
2366 2057 2429 2088 hoc
2452 2057 2605 2088 denotant

1534 2105 1656 2137 divitias
1675 2104 1829 2135 absolute.
1855 2104 1943 2141 Quas
1958 2105 2080 2134 Auctor
2096 2102 2146 2133 hic
2161 2109 2254 2133 vocat
2273 2101 2396 2134 divitias
2411 2101 2604 2143 inquantum

1533 2149 1666 2186 divitias,
1691 2159 1747 2189 per
1770 2148 1985 2179 exclusionem
2007 2146 2227 2188 superadditae
2250 2146 2382 2178 rationis
2404 2146 2550 2182 alicuius.
2581 2171 2585 2179 i

1590 2194 1643 2225 111.
1668 2193 1703 2224 In
1733 2192 1941 2233 responsione
1972 2192 2011 2222 ad
2041 2191 2181 2232 primum
2210 2190 2288 2222 sexti
2313 2189 2453 2228 articuli,
2478 2190 2605 2227 adverte

1534 2238 1624 2279 quod
1657 2237 1736 2268 dum
1760 2239 1882 2268 Auctor
1910 2235 1984 2267 dicit
2007 2236 2097 2277 quod
2128 2235 2232 2266 divina
2255 2235 2341 2267 datio
2365 2244 2432 2266 non
2458 2233 2605 2276 provenit

1536 2292 1573 2313 ex
1601 2292 1639 2312 eo
1670 2281 1758 2322 quod
1787 2281 1830 2311 sic
1853 2279 2007 2311 afficiatur
2036 2280 2075 2310 ad
2100 2289 2136 2310 ea
2165 2289 2247 2320 quae
2275 2279 2346 2316 dat,
2372 2285 2410 2310 ut
2439 2285 2488 2310 est
2516 2277 2604 2310 datio

1534 2326 1749 2361 liberalitatis,
1774 2326 1830 2356 sed
1853 2335 1889 2355 ex
1913 2335 1952 2355 eo
1975 2325 2065 2365 quod
2095 2331 2180 2354 amat
2209 2333 2361 2364 personas
2388 2323 2506 2364 quibus
2529 2323 2602 2359 dat,

1533 2371 1622 2412 quod
1645 2370 1781 2410 pertinet
1803 2370 1843 2400 ad
1867 2369 2039 2405 caritatem,
2056 2368 2211 2408 corrigere
2226 2368 2351 2398 videtur
2372 2367 2463 2408 quod
2485 2367 2606 2398 dixerat

1535 2415 1618 2450 alibi,
1644 2422 1674 2445 et
1697 2413 1873 2454 specialiter
1895 2413 1927 2443 in
1952 2413 2057 2453 primo
2082 2413 2177 2443 huius
2194 2412 2299 2452 operis
2315 2411 2423 2447 Libro,
2447 2410 2603 2453 qu.xxt*‚

1534 2503 1641 2533 divina
1665 2502 1751 2532 datio
1776 2502 1870 2532 habet
1893 2502 1932 2531 de
1955 2501 2076 2531 liberali
2100 2501 2160 2531 hoc
2185 2501 2274 2541 quod
2298 2506 2346 2531 est
2368 2499 2435 2530 sine
2461 2506 2603 2540 expecta-

1534 2547 1622 2578 tione
1647 2553 1676 2576 et
1700 2546 1820 2582 debito;
1851 2555 1886 2576 ac
1910 2555 1966 2585 per
1989 2545 2064 2581 hoc,
2090 2545 2275 2581 liberalitas,
2300 2543 2428 2575 seclusis
2456 2543 2605 2585 imperfe-

1536 2590 1704 2626 ctionibus,
1729 2597 1834 2630 potest
1857 2589 2003 2620 sustineri
2026 2590 2058 2619 in
2078 2589 2166 2619 Deo:
2191 2589 2264 2619 ideo
2289 2591 2411 2619 Auctor
2433 2598 2499 2618 non
2521 2594 2604 2620 tota-

1535 2635 1606 2666 liter
1628 2635 1777 2674 reprobat
1799 2634 1921 2664 dictum
1944 2633 2035 2670 alibi,
2060 2634 2115 2664 sed
2139 2633 2214 2664 dicit
2241 2633 2331 2674 quod
2354 2634 2461 2674 magis
2483 2638 2605 2673 spectat

1536 2680 1576 2710 ad
1599 2679 1759 2709 caritatem
1782 2689 1879 2719 quam
1902 2678 2121 2709 liberalitatem
2145 2677 2250 2708 divina
2274 2677 2371 2708 datio.

1592 2723 1632 2754 Et
1655 2723 1731 2753 haec
1756 2723 1793 2753 de
1818 2729 1884 2753 tota
1908 2723 1965 2753 hac
1989 2723 2175 2763 quaestione
2199 2721 2364 2752 sufficiant.

2626 910 2636 920 ·
2650 908 2717 936 1bid.,
2731 908 2761 930 ad
2775 914 2792 931 ι.

2626 955 2636 966 ·
2651 953 2720 980 thia,
2734 953 2762 975 nd
2776 959 2796 982 3*

2627 1173 2648 1226 ',
2657 1171 2839 1220 ⁰12⁹2¹¹s¹¹h¹3

2636 1228 2727 1247 eenn-

2630 2412 2640 2423 ·
2654 2411 2706 2434 Art.
2720 2417 2736 2439 ι,
2756 2410 2786 2432 nd
2800 2417 2817 2433 1.
2830 2421 2843 2426 -

1535 2459 1624 2500 quod
1648 2458 1765 2489 scilicet
1794 2458 1827 2488 in
1851 2458 1921 2488 Deo
1946 2464 1992 2488 est
2021 2457 2148 2497 proprie
2171 2456 2350 2487 liberalitas.
2385 2455 2470 2493 Quia
2496 2462 2603 2486 tamen
2629 2437 2844 2514 Ξὲὶἒζὲἒὲ

2632 2507 2842 2546 δώῃσιόαεηι.
