2860 4238
163 538 169 544 ⁸
184 536 234 556 Art.
250 535 354 562 praeced.

162 690 170 699 ⁶
182 688 237 735 qu.
246 693 319 715 v11‚n.
327 695 350 714 4.
361 698 371 702 -

162 715 184 736 S.
223 715 244 735 h.
260 715 312 735 lect.
331 720 368 735 xv.

162 1520 171 1528 ⁸
186 1518 232 1546 Qu.
250 1523 286 1544 ιν,
301 1522 342 1540 art.
358 1525 370 1547 3

161 1551 212 1573 sqq.

163 2120 170 2128 ”
179 2118 232 2139 Vid.
240 2119 370 2141 Comment.

162 2144 232 2167 Caiet.
241 2148 294 2172 post
303 2148 345 2166 art.
355 2150 371 2171 1,

163 2175 255 2203 Quinto.

164 2225 173 2234 ⁸
186 2223 252 2245 Vers.
269 2229 301 2250 ¹4·

163 2278 171 2287 ‘
187 2277 270 2298 Ordin.

163 2382 252 2404 ¹⁶*Vers.
267 2388 298 2403 21.

162 2438 172 2448 ⁸
198 2437 280 2459 ordin.

164 2463 253 2486 Coloss.
269 2470 320 2492 cap.
337 2470 371 2491 111,

162 2490 307 2519 vers-23.—Ex
311 2491 372 2518 Aug.

259 2527 275 2543 α

164 2554 173 2562 “
187 2552 254 2573 Vers.
271 2551 293 2573 6.

262 2597 275 2628 β

163 2646 172 2654 ’“
188 2644 269 2666 Ordin.

258 2758 273 2783 Υ

163 2912 172 2920 “
193 2911 249 2938 Cap.
270 2917 321 2938 xnr,
343 2912 371 2932 al.

161 2942 214 2964 vin,
233 2937 255 2958 in
274 2941 320 2959 vet.
338 2944 371 2959 xx.

259 3016 272 3041 δ

388 2589 495 2636 secta
515 2593 569 2624 est
580 2587 754 2636 iniquitas
765 2588 901 2637 populi
908 2587 923 2618 β
941 2590 1017 2626 mei
1022 2595 1178 2637 peccato
1193 2590 1456 2637 Sodomorum,

396 188 471 234 432
1085 185 1351 232 QUAESTIO
1382 185 1484 232 CXI,

398 275 498 304 recta
525 267 681 316 quidem
720 265 907 315 oppositio
944 265 1022 301 eius
1051 264 1131 300 sive
1170 263 1413 300 contrarietas
1441 267 1456 290 Υ

399 328 454 357 est
486 319 713 357 attendenda
742 319 953 355 secundum
982 317 1104 365 ipsam
1134 316 1299 364 speciem
1329 323 1453 361 actus,
1481 313 1483 341 i

399 385 497 421 quae
539 372 718 420 accipitur
760 371 970 407 secundum
1013 369 1211 417 proprium
1250 368 1454 405 obiectum.

397 426 507 463 Unde
537 437 625 461 cum
645 423 854 472 hypocrisis
874 423 919 459 sit
943 422 1133 470 quaedam
1163 421 1351 458 simulatio
1381 433 1457 469 qua

398 479 481 527 quis
510 478 658 514 simulat
685 489 724 512 se
753 477 893 512 habere
922 487 1126 524 personam
1148 487 1264 522 quam
1285 486 1363 510 non
1391 475 1456 510 ha-

398 532 471 577 bet,
492 538 532 566 ut
557 530 696 566 dictum
717 537 772 565 est
799 528 830 575 ³¹⁸,
852 540 1089 576 consequens
1116 535 1171 564 est
1190 527 1294 576 quod
1316 527 1455 564 directe

398 590 614 632 opponatur
640 581 807 628 veritati,
830 594 903 630 per
930 593 1043 630 quam
1077 580 1211 628 aliquis
1245 581 1394 617 exhibet
1418 591 1457 616 se

397 636 507 672 talem
534 636 610 672 vita
638 641 673 671 et
698 646 871 671 sermone
898 634 1018 683 qualis
1045 639 1108 678 est,
1130 641 1170 670 ut
1195 632 1329 670 dicitur
1348 634 1385 669 in
1406 633 1457 669 IV

396 689 513 725 Ethic.
535 688 555 709 ’¹‘
582 709 605 715 —
636 687 821 724 Indirecta
849 695 976 724 autem
1005 686 1194 735 oppositio
1219 687 1281 722 vel
1310 694 1456 722 contra-

398 741 507 778 rietas
536 740 745 789 hypocrisis
774 748 898 788 potest
921 740 1060 776 attendi
1094 739 1306 776 secundum
1335 739 1457 787 quod-

399 806 561 841 cumque
581 793 774 830 accidens:
804 801 895 842 puta
914 793 1126 830 secundum
1152 792 1317 841 aliquem
1337 792 1456 829 finem
1482 818 1484 838 ξ

398 854 607 892 remotum,
638 846 699 883 vel
727 846 937 883 secundum
974 846 1129 895 aliquod
1164 845 1455 882 instrumentum
1482 872 1484 896 ÷

397 907 513 947 actus,
543 900 605 935 vel
633 900 906 948 quodcumque
934 899 1035 936 aliud
1054 897 1067 920 δ
1095 898 1328 935 huiusmodi.

450 954 507 989 AD
536 964 672 989 PRIMUM
705 964 803 989 ERGO
838 963 1023 989 mei-:Nouia
1052 951 1157 1000 quod
1185 950 1382 1000 hypocrita
1411 951 1456 987 si·
1483 953 1484 972 ³

397 1005 548 1042 mulans
577 1005 742 1053 aliquam
768 1005 958 1052 virtutem,
979 1004 1138 1041 assumit
1157 1016 1241 1041 eam
1270 1012 1311 1040 ut
1338 1004 1456 1041 finem

398 1070 475 1094 non
504 1058 659 1106 quidem
679 1058 891 1094 secundum
917 1057 1164 1103 existentiam,
1187 1057 1295 1105 quasi
1322 1058 1457 1093 volens
1483 1080 1485 1088 .

398 1123 484 1147 earn
510 1112 672 1156 habere3
702 1111 768 1148 sed
798 1111 1010 1148 secundum
1039 1110 1320 1158 apparentiam,
1350 1109 1457 1157 quasi

397 1165 532 1200 volens
560 1163 681 1200 videri
719 1176 804 1200 eam
842 1164 996 1200 habere.
1035 1164 1092 1199 Ex
1121 1175 1198 1210 quo
1232 1174 1309 1198 non
1343 1163 1458 1198 habet

399 1217 502 1265 quod
531 1224 747 1266 opponatur
775 1217 823 1252 illi
842 1216 989 1253 virtuti:
1019 1216 1085 1252 sed
1114 1215 1219 1263 quod
1239 1222 1458 1263 opponatur

397 1269 555 1315 veritati,
585 1270 808 1317 inquantum
837 1270 917 1305 vult
946 1268 1120 1316 decipere
1154 1268 1330 1304 homines
1359 1268 1457 1304 circa

397 1322 497 1358 illam
516 1322 708 1359 virtutem.
738 1343 761 1349 -
792 1322 921 1370 Opera
941 1329 1070 1358 autem
1098 1321 1194 1357 illius
1212 1320 1360 1358 virtutis
1379 1333 1458 1357 non

399 1375 555 1411 assumit
574 1375 682 1423 quasi
701 1387 770 1423 per
789 1387 828 1411 se
848 1374 1001 1421 intenta,
1022 1375 1088 1411 sed
1113 1374 1457 1421 instrumentaliter,

399 1428 504 1476 quasi
525 1428 629 1475 signa
648 1427 743 1464 illius
762 1427 921 1464 virtutis.
951 1427 1062 1465 Unde
1083 1439 1128 1463 ex
1153 1428 1227 1464 hoc
1246 1439 1325 1464 non
1343 1428 1458 1464 habet

399 1480 579 1517 directam
608 1481 890 1529 oppositionem
919 1481 968 1517 ad
996 1480 1097 1517 illam
1125 1480 1316 1517 virtutem.

450 1536 508 1570 An
537 1545 726 1571 SECUNDUM
752 1545 936 1571 mei-:Nouii
965 1533 1080 1582 quod,
1103 1532 1198 1570 sicut
1221 1545 1335 1581 supra
1356 1534 1375 1554 ²⁸
1405 1533 1458 1570 di-

450 1646 476 1680 γ)
495 1647 684 1673 contrarietas.
702 1661 721 1666 —
739 1647 795 1672 eius
813 1647 993 1672 contrarietas
1012 1648 1057 1672 Pa.
1074 1661 1093 1667 —
1111 1648 1162 1672 Pro
1180 1655 1256 1680 quae,
1275 1648 1321 1680 qui
1340 1648 1368 1673 Ρ.

450 1681 474 1715 ὃ)
498 1683 679 1715 quodcumque
709 1683 793 1708 aliud.
810 1696 830 1702 —
854 1683 1035 1715 quodcumque
1058 1683 1167 1716 aliquod
1192 1683 1268 1708 aliud
1292 1683 1459 1713 ABFIKLsC,

398 1717 501 1749 aliquid
519 1718 595 1743 aliud
614 1718 646 1743 G.

1513 186 1809 223 ARTICULUS
1840 185 1890 222 IV

1481 263 1483 272 '
1512 271 1614 300 ctum
1643 271 1718 310 est,
1747 263 1970 312 prudentiae
2000 263 2139 300 directe
2177 263 2382 311 opponitur
2418 264 2572 311 astutia,

1511 316 1560 352 ad
1588 328 1704 363 quam
1734 316 1895 365 pertinet
1931 315 2151 352 adinvenire
2181 316 2368 364 quasdam
2394 317 2478 353 vias
2509 328 2573 365 ap-

1510 377 1687 416 parentes
1715 377 1750 405 et
1776 382 1854 406 non
1879 369 2078 405 existentes
2104 368 2152 405 ad
2171 369 2412 418 propositum
2438 381 2570 406 conse-

1511 423 1719 469 quendum.
1741 422 1925 458 Executio
1941 429 2071 459 autem
2091 422 2249 458 astutiae
2265 429 2320 458 est
2337 421 2491 471 proprie
2505 434 2575 470 per

1481 476 1483 479 ⁴
1512 474 1643 510 dolum
1664 474 1702 511 in
1729 475 1867 522 verbis,
1888 487 1956 523 per
1975 475 2149 511 fraudem
2169 483 2296 511 autem
2317 475 2356 511 in
2379 475 2496 511 factis.
2526 476 2575 511 Et

1511 526 1606 563 sicut
1625 527 1758 564 astutia
1778 540 1818 564 se
1838 529 1953 564 habet
1980 528 2027 565 ad
2055 527 2309 576 prudentiam,
2330 527 2380 564 ita
2409 528 2519 564 dolus
2539 534 2576 564 et

1511 580 1612 616 fraus
1647 581 1693 616 ad
1733 580 2020 629 simplicitatem.
2054 581 2176 618 Dolus
2213 588 2341 617 autem
2378 582 2441 617 vel
2473 581 2575 617 fraus

1511 632 1707 669 ordinatur
1734 633 1783 670 ad
1804 633 2072 681 decipiendum
2101 633 2367 682 principaliter,
2394 641 2429 670 et
2457 645 2575 682 quan-

1512 686 1639 733 doque
1658 685 1884 722 secundario
1905 686 1954 723 ad
1974 686 2204 724 nocendum.
2234 687 2346 724 Unde
2366 687 2415 723 ad
2434 685 2575 734 simpli-

1512 739 1662 774 citatem
1699 738 1861 787 pertinet
1896 739 2035 776 directe
2064 751 2105 775 se
2140 751 2386 788 praeservare
2415 751 2437 775 a
2465 739 2576 776 dece-

1511 791 1651 840 ptione.
1682 793 1731 828 Et
1758 791 1972 828 secundum
1997 792 2082 838 hoc,
2103 800 2145 828 ut
2163 804 2277 841 supra
2294 792 2315 814 ’¹‘
2343 792 2486 829 dictum
2507 799 2574 839 est,

1510 845 1630 881 virtus
1649 844 1896 893 simplicitatis
1917 852 1972 881 est
1997 844 2135 881 eadem
2154 845 2283 882 virtuti
2304 845 2484 893 veritatis,
2508 846 2575 883 sed

1513 898 1637 934 differt
1657 898 1737 934 sola
1757 897 1919 934 ratione:
1945 898 2034 945 quia
2047 897 2186 934 veritas
2206 897 2342 935 dicitur
2359 899 2573 935 secundum

1512 951 1617 999 quod
1637 951 1741 998 signa
1761 951 1996 987 concordant
2015 950 2183 998 signatis3
2209 950 2428 999 simplicitas
2447 958 2575 988 autem

1512 1004 1645 1041 dicitur
1672 1005 1884 1041 secundum
1903 1004 2009 1052 quod
2038 1016 2116 1040 non
2139 1003 2257 1040 tendit
2284 1004 2322 1040 in
2352 1004 2516 1051 diversa,
2535 1011 2577 1041 ut

1511 1057 1651 1094 scilicet
1679 1057 1779 1094 aliud
1808 1057 1978 1094 intendat
1996 1057 2163 1104 interius,
2194 1057 2296 1094 aliud
2314 1061 2327 1078 ⁸
2354 1057 2578 1106 praetendat

1514 1109 1685 1147 exterius.

1565 1165 1624 1199 An
1652 1174 1811 1199 TERTIUM
1841 1173 2025 1199 mceunum
2054 1163 2159 1211 quod
2187 1163 2337 1200 lucrum
2363 1163 2427 1200 vel
2455 1162 2575 1211 gloria

1514 1222 1568 1251 est
1595 1215 1682 1251 finis
1702 1222 1872 1252 remotus
1892 1215 2133 1262 simulatoris,
2163 1215 2259 1252 sicut
2278 1223 2315 1253 et
2334 1215 2531 1253 mendacis
2551 1214 2574 1253 ῑ.

1512 1268 1623 1305 Unde
1639 1280 1685 1304 ex
1704 1268 1778 1304 hoc
1792 1268 1870 1304 fine
1886 1268 2053 1317 speciem
2074 1281 2153 1305 non
2172 1269 2334 1316 sortitur,
2356 1269 2424 1306 sed
2439 1281 2484 1306 ex
2499 1269 2577 1306 fine

1512 1321 1700 1370 proximo,
1713 1321 1777 1369 qui
1793 1328 1849 1358 est
1864 1321 2063 1358 ostendere
2079 1333 2119 1358 se
2130 1321 2247 1359 aliurn
2258 1334 2376 1370 quam
2391 1322 2447 1359 sit.
2464 1321 2576 1360 Unde

1513 1374 1745 1422 quandoque
1767 1374 1946 1422 contingit
1965 1374 2069 1423 quod
2092 1374 2225 1423 aliquis
2243 1375 2351 1423 fingit
2370 1375 2418 1412 de
2437 1387 2477 1412 se
2498 1387 2579 1412 rna-

1513 1440 1598 1475 gna,
1615 1427 1751 1464 nullius
1772 1427 1923 1464 alterius
1942 1428 2070 1475 gratia,
2092 1428 2160 1465 sed
2178 1429 2260 1465 sola
2282 1428 2435 1466 libidine
2462 1428 2579 1465 simu-

1512 1480 1634 1517 landi:
1665 1480 1760 1517 sicut
1788 1481 2044 1530 Philosophus
2077 1481 2176 1528 dicit,
2206 1481 2243 1518 in
2267 1482 2319 1518 IV
2345 1482 2464 1519 Ethic.
2486 1481 2517 1529 *,
2542 1488 2579 1519 et

1513 1533 1608 1570 sicut
1636 1534 1749 1570 etiam
1778 1546 1893 1582 supra
1916 1534 1936 1555 ’¹‘
1965 1534 2011 1571 de
2041 1534 2245 1572 mendacio
2274 1534 2418 1572 dictum
2447 1542 2514 1572 est.

1567 1648 1589 1679 ε)
1608 1648 1692 1673 aliud.
1710 1661 1729 1667 -
1747 1651 1773 1672 et
1790 1648 1866 1672 aliud
1885 1648 2005 1673 PGHLa.

1565 1682 1590 1714 ζ)
1611 1683 1753 1709 mendacis.
1770 1697 1790 1703 -
1808 1683 1950 1708 mundanis
1969 1683 2108 1716 BDEFpK,
2122 1684 2148 1708 in
2163 1683 2305 1709 mundanis
2320 1684 2350 1714 L,
2364 1684 2531 1710 mendacium
2547 1685 2579 1710 A.

1177 1862 1496 1906 ARTICULUS
1526 1863 1800 1913 QUARTUS

880 1953 1034 1984 UTRUM
1060 1953 1312 1985 HYPOCRISIS
1336 1954 1503 1985 SEMPER
1527 1955 1593 1986 SIT
1617 1955 1855 1987 PECCATUM
1879 1956 2094 1987 MORTALE

1170 2033 1203 2057 lV
1223 2033 1306 2063 Sent.‚
1326 2034 1384 2059 dist.
1402 2041 1453 2066 m,
1473 2042 1518 2067 qu.
1537 2042 1571 2065 tv,
1591 2040 1636 2060 art.
1661 2043 1682 2065 1,
1701 2035 1752 2068 qu⁸
1773 2035 1797 2060 3.

485 2127 493 2141 ι
548 2136 557 2144 f
609 2125 631 2149 D
648 2124 820 2155 QUARTUM
835 2124 888 2149 SIC
904 2112 1174 2150 PROCED1TUR*.
1186 2112 1345 2150 Videtur
1356 2115 1459 2162 quod

525 2165 527 2167 ’
547 2200 584 2211 ,,
608 2165 818 2214 hypocrisis
838 2177 990 2213 semper
1005 2165 1050 2202 sit
1064 2174 1265 2214 peccatum
1286 2167 1457 2203 mortale.

496 2235 534 2271 ..g
570 2213 710 2263 2D'1cit
729 2218 831 2255 enim
853 2218 1122 2267 Hieronymus,
1145 2219 1263 2256 Isaiae
1284 2231 1343 2256 xw
1362 2219 1393 2266 ³⁸,
1419 2219 1457 2256 in
1484 2207 1486 2265 i

488 2268 517 2293 3*
531 2279 558 2295 Μ
581 2272 746 2308 *Glossa
760 2272 790 2318 ³¹²,
812 2271 917 2319 quod
937 2272 974 2308 in
995 2273 1276 2320 comparatione
1295 2273 1456 2309 duorum
1484 2273 1486 2307 ἵ

400 2324 599 2369 malorum,
625 2324 740 2360 levius
768 2330 819 2361 est
845 2330 972 2372 aperte
994 2336 1155 2373 peccare
1182 2338 1295 2374 quam
1323 2327 1457 2363 sancti·
1484 2308 1485 2358 i

400 2382 510 2413 tatem
538 2377 726 2413 simulare.
757 2378 805 2413 Et
835 2390 948 2426 super
976 2377 1067 2415 illud
1086 2379 1155 2415 Iob
1175 2391 1184 2415 1
1204 2378 1234 2424 ²¹⁶,
1265 2379 1368 2415 Sicut
1390 2391 1456 2416 au·
1483 2387 1485 2428 l

306 2443 374 2465 super
400 2435 471 2465 tem
499 2430 664 2466 Domino
687 2430 832 2477 placuit
859 2438 940 2477 etc.,
963 2431 1049 2467 dicit
1078 2432 1214 2468 Glossa
1232 2431 1252 2453 ‘¹‘
1281 2432 1386 2479 quod
1411 2433 1457 2468 si·
1484 2437 1485 2458 ³

400 2482 542 2518 mulata
561 2483 728 2530 aequitas
747 2494 820 2519 non
841 2488 894 2519 est
911 2484 1089 2531 aequitas,
1109 2485 1174 2520 sed
1191 2484 1419 2532 duplicatum
1441 2490 1457 2506 α

393 2541 602 2582 peccatum.
633 2536 681 2572 Et
709 2548 823 2583 super
850 2536 940 2573 illud
972 2537 1008 2573 T
1003 2537 1107 2573 hren.
1130 2549 1165 2573 xv
1183 2536 1214 2583 ²³⁶,
1243 2538 1377 2574 Maior
1404 2539 1456 2586 ef-

401 2640 488 2677 dicit
521 2641 657 2677 Glossa
675 2641 712 2678 ³⁸:
742 2642 892 2678 Scelera
919 2643 1071 2679 animae
1091 2643 1330 2693 planguntur
1361 2655 1458 2691 quae

399 2694 435 2730 in
464 2694 693 2742 hypocrisim
728 2694 885 2740 labitur,
914 2695 1020 2732 cuius
1052 2696 1176 2732 maior
1203 2702 1257 2732 est
1283 2696 1457 2744 iniquitas

392 2751 572 2794 peccato*
588 2747 849 2784 Sodomorum.
871 2749 1032 2785 Peccata
1047 2756 1175 2786 autem
1192 2749 1454 2786 Sodomorum

399 2807 484 2836 sunt
502 2807 658 2847 peccata
677 2801 862 2838 mortalia.
893 2802 994 2850 Ergo
1016 2809 1051 2838 et
1069 2802 1280 2850 hypocrisis
1305 2815 1457 2851 semper

399 2860 454 2889 est
481 2860 678 2901 peccatum
707 2855 880 2891 mortale.

454 2917 487 2941 2.
509 2906 742 2952 PRAETEREA,
764 2906 968 2955 Gregorius
993 2907 1092 2954 dicit,
1113 2908 1237 2944 XXXI
1258 2909 1402 2946 Moral.
1423 2909 1455 2957 ³¹⁵,

400 2957 505 3005 quod
523 2959 743 3006 hypocritae
773 2972 818 2996 ex
837 2959 978 2996 malitia
1005 2969 1176 3009 peccant.
1208 2962 1284 2998 Sed
1304 2962 1378 2998 hoc
1402 2970 1458 2999 est

399 3010 686 3058 gravissimum,
725 3013 830 3060 quod
857 3011 870 3034 δ
907 3013 1066 3061 pertinet
1100 3014 1148 3050 ad
1183 3022 1383 3063 peccatum
1419 3016 1456 3052 in

401 3063 582 3112 Spiritum
612 3064 806 3101 Sanctum.
836 3066 937 3113 Ergo
957 3066 1155 3115 hypocrita
1175 3080 1327 3117 semper
1355 3080 1455 3106 mor-

398 3116 518 3153 taliter
545 3124 687 3164 peccat.

453 3170 487 3206 3.
518 3170 749 3225 PRAETEREJJ,
780 3170 902 3207 nullus
926 3178 1093 3208 meretur
1121 3172 1216 3209 iram
1235 3173 1307 3209 Dei
1337 3181 1372 3210 et
1397 3186 1456 3210 ex-

399 3221 606 3259 clusionem
645 3235 667 3259 a
694 3223 766 3259 Dei
794 3223 940 3260 visione
976 3224 1046 3260 nisi
1075 3232 1230 3273 propter
1256 3234 1454 3274 peccatum

1514 2115 1685 2151 mortale.
1709 2115 1785 2151 Sed
1804 2127 1873 2163 per
1891 2115 2125 2164 hypocrisim
2141 2116 2275 2165 aliquis
2296 2125 2469 2155 meretur·
2481 2118 2578 2164 iram

1513 2167 1601 2203 Dei:
1631 2168 1844 2205 secundum
1872 2168 1962 2205 illud
1992 2171 2062 2206 Iob
2087 2181 2195 2206 xxxw
2214 2169 2250 2207 *ε
2280 2171 2526 2210 Simulatores
2544 2178 2581 2210 et

1513 2220 1641 2257 callidi
1660 2227 1874 2269 provocant
1900 2222 1996 2259 iram
2017 2223 2101 2259 Dei.
2132 2223 2355 2261 Excluditur
2375 2225 2488 2262 etiam
2508 2226 2578 2274 hy-

1511 2274 1655 2321 pocrita
1679 2287 1701 2310 a
1720 2274 1868 2311 visione
1887 2275 1978 2311 Dei:
2009 2276 2222 2313 secundum
2251 2276 2343 2314 illud
2362 2278 2433 2314 Iob
2456 2290 2518 2315 xm
2536 2278 2574 2316 *ε

1511 2326 1602 2363 Νοη
1631 2328 1754 2364 veniet
1788 2328 1824 2364 in
1862 2334 2058 2379 conspectu
2097 2329 2175 2366 eius
2212 2331 2333 2367 omnis
2365 2332 2576 2379 hypocrita.

1511 2380 1613 2427 Ergo
1642 2380 1853 2428 hypocrisis
1888 2393 2041 2430 semper
2079 2390 2134 2418 est
2167 2391 2368 2431 peccatum
2403 2385 2575 2422 mortale.

1566 2433 1639 2469 SED
1656 2445 1802 2470 CONTRA
1821 2445 1887 2470 EST
1902 2434 1991 2481 quia
2018 2435 2228 2483 hypocrisis
2258 2444 2313 2473 est
2332 2437 2577 2475 mendacium

1512 2485 1655 2533 operis:
1687 2498 1774 2522 cum
1804 2486 1849 2522 sit
1877 2486 2065 2524 simulatio
2095 2489 2299 2536 quaedam.
2329 2490 2421 2527 Non
2449 2497 2577 2528 autem

1512 2549 1625 2575 omne
1660 2539 1903 2576 mendacium
1941 2540 2015 2577 oris
2035 2545 2047 2562 ⁸
2077 2549 2131 2578 est
2164 2550 2365 2590 peccatum
2403 2545 2574 2581 mortale.

1512 2592 1613 2639 Ergo
1642 2603 1713 2628 nec
1741 2592 1865 2629 omnis
1893 2593 2116 2641 hypocrisis.

1565 2656 1600 2680 2.
1631 2645 1864 2692 PRAETEREA,
1895 2646 2050 2684 intentio
2079 2648 2301 2696 hypocritae
2332 2655 2387 2686 est
2421 2649 2470 2686 ad
2498 2650 2573 2687 hoc

1511 2697 1616 2746 quod
1651 2698 1828 2735 videatur
1864 2699 2000 2736 bonus.
2040 2701 2117 2737 Sed
2153 2701 2229 2738 hoc
2262 2714 2341 2739 non
2369 2702 2576 2751 opponitur

1511 2750 1663 2787 caritati.
1700 2752 1801 2798 Ergo
1839 2752 2051 2801 hypocrisis
2089 2766 2167 2791 non
2206 2761 2261 2792 est
2290 2756 2502 2792 secundum
2533 2767 2574 2793 se

1510 2811 1709 2852 peccatum
1737 2806 1909 2842 mortale.

1566 2858 1600 2894 3.
1621 2858 1854 2905 PRAETEREA‚
1875 2859 2086 2907 hypocrisis
2116 2860 2282 2898 nascitur
2301 2873 2345 2898 ex
2365 2861 2467 2899 inani
2495 2862 2575 2910 glo-

1511 2910 1581 2947 ria:
1602 2917 1643 2947 ut
1662 2910 1868 2958 Gregorius
1888 2912 1988 2959 dicit,
2009 2913 2134 2950 XXXI
2154 2914 2299 2951 Moral.
2315 2913 2336 2936 *
2357 2914 2434 2952 Sed
2454 2914 2575 2952 inanis

1510 2963 1629 3010 gloria
1657 2976 1736 3000 non
1764 2976 1916 3012 semper
1945 2973 2001 3002 est
2027 2974 2227 3015 peccatum
2261 2968 2433 3005 mortale.
2472 2968 2574 3017 Ergo

1511 3028 1636 3065 neque
1665 3017 1891 3066 hypocrisis.

1564 3070 1789 3107 RESPONDEO
1831 3082 2015 3108 DICENDUM
2048 3072 2153 3120 quod
2190 3073 2229 3110 in
2261 3073 2455 3122 hypocrisi
2495 3074 2573 3112 duo

1510 3130 1614 3159 sunt:
1658 3123 1799 3160 scilicet
1835 3123 2003 3161 defectus
2046 3125 2270 3174 sanctitatis,
2311 3134 2346 3163 et
2383 3126 2573 3164 simulatio

1511 3174 1639 3223 ipsius.
1662 3175 1701 3212 Si
1722 3188 1811 3224 ergo
1831 3177 2029 3226 hypocrita
2048 3178 2194 3215 dicatur
2212 3178 2272 3216 ille
2292 3179 2398 3217 cuius
2417 3179 2573 3218 intentio

1510 3228 1626 3264 fertur
1648 3228 1696 3265 ad
1716 3236 1934 3278 utrumque,
1955 3238 1996 3267 ut
2016 3231 2156 3268 scilicet
2175 3232 2309 3281 aliquis
2329 3245 2408 3270 non
2427 3231 2440 3259 ζ
2469 3241 2573 3270 curet

451 3344 478 3375 α)
499 3343 669 3375 duplicatum.
687 3359 706 3363 -
724 3345 909 3378 duplicitatum
934 3347 963 3377 13,
989 3347 1189 3379 simplicitatum
1213 3349 1241 3379 F,
1267 3348 1410 3381 duplicitas
1429 3350 1455 3375 ἰη

398 3379 611 3438 A’tziirtizpligtatis
630 3380 648 3409 1,
668 3380 770 3412 duplex
788 3381 863 3412 PDa,·
881 3382 927 3407 sed
946 3383 1048 3414 duplex
1067 3383 1192 3415 iniquitas
1212 3384 1373 3416 duplicatum
1393 3392 1455 3418 pec-

398 3420 429 3438 ca
453 3447 476 3480 β)
494 3422 594 3481 giiniali.
612 3462 630 3468 —-
644 3451 750 3482 peccati
762 3452 857 3483 populi
876 3453 944 3477 PLa.

1561 3351 1587 3384 γ)
1604 3354 1722 3383 peccato.
1740 3365 1759 3371 ·—
1773 3355 1944 3384 peccatorum
1965 3353 2011 3381 Pa,
2035 3362 2088 3380 om.
2114 3355 2131 3386 1,
2155 3355 2231 3380 Alias
2251 3355 2370 3388 peccatis
2394 3363 2484 3388 margo
2509 3355 2537 3380 Ρ.
2554 3369 2573 3375 -

1510 3386 1561 3410 Pro
1580 3386 1692 3412 Peccata
1710 3390 1809 3418 autem,
1829 3388 1941 3413 Peccata
1959 3389 2057 3420 ABFK,
2078 3390 2133 3415 Sed
2147 3393 2261 3422 peccata
2280 3390 2429 3415 CDEGHL.

1563 3421 1587 3454 δ)
1607 3422 1686 3454 quod.
1704 3436 1722 3442 -
1740 3423 1802 3455 quia
1822 3423 1892 3454 PGa,
1906 3427 2046 3455 peccatum
2065 3426 2136 3457 quod
2155 3426 2173 3450 1.

1563 3457 1584 3489 ε)
1604 3457 1667 3482 oris.
1685 3472 1704 3477 —
1723 3459 1810 3490 operis
1829 3457 1915 3484 PsCG
1934 3465 1959 3484 et
1976 3467 2001 3489 a,
2021 3460 2155 3492 opinionis
2173 3460 2214 3486 hic
2233 3465 2258 3486 et
2277 3468 2355 3493 supra
2374 3469 2421 3493 pro
2439 3462 2527 3493 operis
2541 3462 2573 3487 D.

1562 3492 1587 3525 ζ)
1606 3500 1668 3518 non.
1687 3506 1706 3511 -
1725 3493 1786 3518 Om.
1805 3493 1986 3526 BFpAclssE.

2603 792 2613 803 ¹⁸
2626 791 2674 819 Qu.
2684 796 2730 819 cix,
2741 795 2782 813 art.
2793 797 2813 818 2,

2603 817 2631 840 ad
2645 825 2669 845 4.

2604 1485 2655 1508 'Cn
2673 1490 2817 1513 ‚vum-10.-

2606 1511 2630 1534 S.
2683 1528 2690 1534 .
2706 1512 2759 1534 lect.
2778 1519 2816 1534 xv.

2605 1540 2616 1551 ⁸
2626 1539 2674 1568 Qu.
2686 1543 2777 1567 cmm.
2787 1545 2807 1561 2.

2604 2179 2616 2190 ³
2628 2177 2696 2201 Vers-
2711 2184 2740 2208 ¹3.

2608 2281 2619 2292 ⁸
2629 2279 2696 2302 Ven-
2710 2279 2743 2302 16.

2602 2916 2613 2927 ·
2631 2914 2689 2948 Cep.
2709 2922 2762 2943 ιιν,
2784 2917 2814 2938 nl.

2602 2948 2659 2970 xvu,
2667 2948 2691 2964 m
2699 2946 2814 2965 vot-xxxx.
