2860 4244
418 251 490 296 164

410 334 480 358 tum
504 327 618 367 pignus
635 334 681 358 est
697 328 856 358 absolute:
882 335 911 358 et
928 337 992 358 non
1011 328 1048 357 de
1066 327 1198 367 pignore
1222 337 1280 367 pro
1297 327 1349 357 tali
1366 337 1471 358 causa.

410 371 493 401 Nam
517 371 670 411 contingit
694 382 730 402 ex
754 382 847 402 causa
870 371 923 402 tali
948 372 1036 411 quod
1059 378 1164 411 potest
1187 371 1258 411 quis
1282 370 1381 401 facere
1405 370 1471 401 fru-

410 422 477 445 ctus
501 415 641 455 pignoris
658 425 743 451 suos,
765 423 799 446 ut
822 422 907 454 patet
931 416 969 444 de
985 425 1060 454 agro
1077 415 1235 454 assignato
1260 424 1318 454 pro
1338 414 1470 454 pignore

410 459 516 494 dotali,
540 459 644 495 Extra,
660 460 700 489 de
726 459 851 496 Usuris,
870 468 938 498 cap.
955 458 1155 489 Salubriter:
1179 465 1209 489 et
1231 458 1310 489 ratio
1330 458 1373 488 ibi
1396 458 1470 488 assi-

408 510 534 542 gnatur,
559 503 633 543 quia
662 503 744 532 dotis
773 503 893 532 fructus
917 509 990 533 sunt
1018 512 1077 542 pro
1102 502 1251 532 oneribus
1275 502 1470 533 matrimonii

409 547 642 586 supportandis.
668 546 760 576 Unde
783 546 930 576 limitatio
954 556 1051 586 quam
1076 546 1207 586 quidam
1230 546 1304 577 huic
1324 546 1469 577 determi-

407 590 527 620 nationi
551 590 725 620 Innocentii
749 590 788 619 111
813 597 996 630 apponunt,
1022 590 1137 620 scilicet
1168 591 1256 630 quod
1286 591 1471 631 intelligitur

408 634 537 674 quando
569 634 704 673 pecunia
733 634 846 664 dotalis
877 641 942 664 erat
972 635 1159 674 exponenda
1189 634 1396 674 negotiationi
1419 635 1470 665 vel

407 677 562 716 emptioni
585 677 629 706 rei
653 677 848 713 fructuosae,
872 678 1014 718 alioquin
1039 688 1106 708 non
1133 678 1262 710 haberet
1289 679 1400 709 locum
1423 679 1464 709 in-

407 727 537 756 teresse,
562 720 639 750 falsa
669 728 731 751 est:
763 722 918 762 quoniam
946 722 1067 753 ratione
1095 732 1230 753 onerum
1261 723 1467 759 matrimonii,
1495 737 1497 740 ·

407 774 488 804 quae
511 774 642 794 omnem
666 765 825 802 maritum,
850 766 915 796 sive
930 766 1110 806 negotietur
1128 766 1192 797 sive
1209 777 1285 803 non,
1302 767 1367 798 sive
1384 774 1470 798 emat
1495 778 1496 795 1

406 808 471 838 sive
486 818 561 844 non,
583 815 706 839 constat
721 809 883 846 sustinere,
909 810 1030 841 fructus
1054 810 1137 841 dotis
1161 811 1303 851 deputati
1319 818 1404 842 sunt.
1428 812 1469 842 Et

405 852 467 882 hoc
491 862 546 891 per
568 862 601 882 se
623 853 797 893 loquendo.
830 854 889 885 Per
912 855 1057 885 accidens
1080 861 1187 885 autem
1211 863 1257 886 est
1287 856 1376 896 quod
1398 866 1467 886 ma-

405 896 481 926 ritus
506 903 612 926 utatur
634 897 684 927 vel
702 907 769 928 non
786 905 892 929 utatur
911 899 985 929 dote
1004 899 1044 929 ad
1063 898 1333 935 fructificandum,
1358 910 1394 930 ac
1413 909 1469 940 per

404 940 466 970 hoc
495 941 535 970 ad
555 940 732 971 iuvandum
755 942 895 982 seipsum
918 943 959 972 ad
982 943 1238 983 supportandum
1262 944 1344 974 dicta
1359 954 1466 975 onera.

404 984 444 1014 Et
467 984 541 1023 quia
560 985 737 1015 secundum
754 996 790 1016 ea
808 996 891 1027 quae
906 993 980 1017 sunt
998 997 1054 1026 per
1070 987 1213 1018 accidens
1229 998 1294 1018 non
1311 988 1469 1019 iudicatur

404 1028 443 1058 de
466 1038 513 1064 re,
538 1029 594 1058 sed
617 1030 794 1060 secundum
817 1031 850 1060 id
873 1031 962 1073 quod
985 1038 1032 1062 est
1054 1041 1111 1071 per
1133 1040 1182 1068 se;
1207 1031 1297 1068 ideo,
1323 1032 1467 1063 absolute

402 1071 577 1112 loquendo,
594 1083 689 1112 gener
713 1074 786 1105 facit
809 1074 929 1105 fructus
948 1075 1089 1115 pignoris
1105 1075 1219 1106 dotalis
1235 1085 1320 1106 suos.
1346 1076 1387 1106 Et
1409 1086 1466 1116 po-

403 1122 463 1146 test
485 1116 547 1146 hoc
571 1117 726 1148 deducere
749 1118 781 1148 in
805 1126 935 1159 pactum
958 1129 976 1149 a
999 1119 1166 1159 principio,
1191 1120 1216 1149 si
1236 1129 1301 1150 non
1317 1121 1386 1151 vult
1409 1121 1468 1151 du-

404 1170 471 1190 cere
496 1170 627 1191 uxorem
651 1162 718 1192 sine
743 1162 816 1193 dote
840 1163 1006 1203 praesenti,
1025 1170 1082 1194 etc.

458 1203 607 1236 Civitates
628 1212 735 1236 autem
759 1216 840 1247 quae
862 1217 880 1237 a
903 1207 1097 1247 principibus
1114 1206 1278 1246 egentibus
1293 1207 1327 1237 in
1349 1208 1465 1247 pignus

403 1247 470 1278 aliis
500 1249 695 1289 principibus
725 1250 855 1286 dantur,
886 1250 1072 1281 fructificare
1100 1251 1215 1281 debent
1245 1251 1378 1281 domino
1409 1252 1465 1292 qui

401 1291 637 1331 impignoravit,
654 1294 796 1325 deductis
821 1295 963 1335 expensis
988 1293 1183 1330 officialium,
1202 1301 1277 1324 etc.:
1310 1295 1465 1335 quoniam

401 1345 468 1365 non
492 1343 538 1366 est
560 1337 748 1368 translatum
772 1338 970 1374 dominium,
995 1348 1053 1368 nec
1083 1347 1205 1368 annexa
1234 1338 1328 1368 habet
1350 1348 1463 1378 onera,

400 1379 482 1410 sicut
504 1380 755 1412 matrimonium.
786 1381 874 1412 Sicut
896 1382 1113 1412 universaliter
1139 1383 1269 1422 quando
1293 1382 1465 1423 suscipitur

401 1423 526 1463 pignus,
552 1425 694 1464 expensis
713 1425 855 1456 deductis
879 1425 1046 1456 fructificat
1068 1426 1212 1457 domino.
1237 1426 1394 1457 Deberent
1410 1437 1464 1457 au-

400 1474 466 1497 tem
490 1468 656 1508 principes,
680 1469 706 1498 si
728 1469 843 1500 volunt
865 1469 965 1500 facere
989 1470 1109 1500 fructus
1130 1480 1216 1506 suos,
1241 1480 1307 1500 non
1323 1471 1464 1511 accipere

399 1511 433 1540 in
456 1511 570 1551 pignus
594 1512 742 1549 civitates,
766 1514 821 1543 sed
844 1523 948 1544 emere
962 1524 1014 1544 eas
1039 1524 1113 1545 cum
1128 1521 1222 1555 pacto
1247 1515 1286 1545 de
1304 1521 1464 1546 retroven-

399 1555 520 1585 dendo:
545 1556 590 1586 sic
613 1556 699 1586 enim
723 1556 859 1588 facerent
882 1558 1002 1589 fructus
1025 1568 1113 1589 suos,

454 1599 496 1630 Et
518 1600 594 1640 quia
618 1600 738 1631 fructus
762 1602 844 1632 dotis
869 1602 1011 1642 deputati
1033 1610 1109 1634 sunt
1132 1609 1262 1643 propter
1277 1612 1374 1633 onera
1397 1613 1463 1634 ma-

399 1642 556 1680 trimonii;
588 1651 619 1675 et
649 1645 755 1676 soluto
780 1646 1001 1683 matrimonio,
1026 1656 1093 1677 non
1116 1653 1233 1677 restant
1258 1657 1355 1677 onera
1378 1647 1462 1683 eius,

399 1687 554 1727 quoniam
577 1688 662 1719 illius
685 1690 775 1729 quod
793 1700 859 1720 non
875 1698 922 1721 est
943 1691 1071 1721 nullum
1086 1697 1133 1721 est
1152 1699 1247 1721 onus:
1272 1691 1344 1721 ideo
1362 1698 1464 1722 errant
1489 1715 1491 1732 ἰ

398 1731 513 1762 viduae
534 1732 677 1763 volentes
701 1733 821 1765 fructus
845 1734 928 1765 dotis
951 1745 1026 1765 suae
1049 1745 1085 1765 ac
1101 1735 1127 1765 si
1150 1735 1393 1767 matrimonium
1413 1746 1463 1766 ex·
1489 1763 1490 1772 ,

398 1781 487 1805 taret.
504 1793 525 1799 -
540 1777 660 1807 Verum
676 1777 702 1807 si
718 1784 836 1809 statuto
860 1778 1000 1814 civitatis,
1018 1779 1050 1809 in
1073 1779 1166 1809 viridi
1188 1779 1395 1816 observantia,
1413 1790 1463 1810 or-

399 1819 543 1850 dinatum
567 1827 613 1851 est
640 1822 729 1861 quod
751 1822 880 1858 viduae,
906 1823 1008 1853 donec
1035 1823 1183 1853 reddatur
1206 1823 1264 1853 sibi
1288 1824 1364 1859 dos,
1389 1824 1463 1854 assi-

398 1870 534 1902 gnentur
556 1865 698 1905 quinque
721 1866 771 1896 vel
794 1866 902 1896 decem
932 1876 991 1906 pro
1015 1867 1210 1903 centenario;
1241 1877 1315 1897 cum
1338 1867 1401 1898 hoc
1424 1868 1464 1899 sit

398 1906 518 1938 factum
540 1908 573 1938 in
597 1908 739 1940 favorem
762 1909 878 1940 infirmi
895 1920 987 1941 sexus
1011 1917 1042 1941 et
1063 1921 1203 1951 poenam
1226 1911 1381 1942 heredum
1396 1922 1463 1942 ma-

398 1951 458 1988 riti,
484 1952 566 1983 licite
589 1960 695 1992 potest
717 1954 849 1991 mulier,
874 1955 1004 1995 quando
1028 1965 1084 1995 per
1107 1965 1179 1985 eam
1202 1965 1268 1985 non
1292 1962 1352 1986 stat
1374 1956 1463 1986 reha-

398 1996 470 2026 bere
495 1997 603 2027 dotem
620 2007 720 2034 suam,
746 1998 885 2038 accipere
900 1999 1086 2029 huiusmodi
1102 1999 1300 2039 pensionem.
1325 2000 1367 2030 Et
1381 2000 1461 2031 ratio

398 2046 445 2070 est
467 2041 543 2080 quia
567 2041 711 2072 distincta
738 2043 912 2082 proprietas
940 2052 1046 2074 rerum
1074 2043 1107 2073 in
1131 2043 1328 2083 particulari,
1353 2054 1372 2074 a
1393 2044 1462 2075 iure

349 2088 353 2091 “
397 2083 534 2123 positivo
558 2094 632 2115 cum
656 2085 704 2122 sit,
729 2092 843 2126 potest,
868 2097 926 2127 pro
951 2088 1117 2118 communi
1140 2088 1227 2118 bono
1252 2087 1380 2127 patriae,
1405 2098 1463 2128 per

396 2128 515 2167 patriae
531 2128 634 2168 legem
650 2129 822 2170 dispensari
839 2131 877 2161 ab
893 2131 955 2162 hoc
975 2131 1008 2162 in
1024 2131 1126 2168 illurn,
1144 2139 1203 2163 etc.
1220 2149 1241 2155 -
1261 2132 1302 2162 Et
1316 2141 1373 2172 per
1388 2142 1461 2163 ean-

397 2172 471 2202 dem
494 2173 663 2210 rafionem,
688 2174 713 2204 si
738 2181 820 2205 extat
843 2182 997 2206 statutum
1019 2176 1110 2216 quod
1132 2186 1222 2207 socer
1244 2186 1311 2206 non
1335 2176 1461 2207 solvens

398 2216 507 2247 dotem
538 2223 681 2248 teneatur
710 2228 826 2258 genero
857 2220 896 2249 ad
924 2220 1034 2250 decern
1062 2229 1122 2260 pro
1147 2220 1326 2251 centenario
1358 2221 1460 2251 donec

397 2260 508 2297 solvat,
532 2260 653 2292 iustum
676 2269 732 2293 est.
757 2262 885 2294 Cedunt
908 2264 994 2294 enim
1017 2263 1094 2295 haec
1116 2265 1157 2294 ad
1179 2274 1291 2305 pacem
1314 2264 1395 2295 inter
1414 2265 1461 2295 af-

397 2303 486 2340 fines,
510 2312 540 2335 et
563 2306 602 2335 ad
626 2307 834 2337 removendas
857 2307 942 2344 lites,
967 2308 1007 2338 ad
1030 2308 1268 2339 sollicitandum
1290 2309 1458 2345 debitores,

397 2355 434 2379 ut
455 2349 569 2379 timore
594 2350 706 2380 saltem
733 2361 911 2390 poenarum
933 2352 1058 2382 solvant
1080 2353 1170 2393 quod
1194 2353 1319 2384 debent.
1343 2371 1364 2376 —
1386 2353 1460 2384 Dixi

396 2399 521 2429 autem,
545 2394 674 2434 quando
698 2394 794 2425 vidua
817 2405 882 2426 non
906 2403 952 2427 est
974 2396 1007 2426 in
1031 2406 1125 2427 causa
1148 2403 1184 2427 ut
1207 2397 1266 2428 dos
1289 2397 1460 2428 retineatur

396 2437 436 2467 ab
459 2437 583 2468 herede.
614 2438 778 2475 Quoniam
801 2439 826 2469 si
849 2439 962 2475 vidua,
987 2447 1018 2471 et
1040 2440 1184 2471 similiter
1211 2441 1237 2471 si
1259 2451 1355 2481 gener
1378 2448 1460 2472 esset

395 2480 429 2510 in
453 2491 547 2511 causa
570 2483 659 2522 quod
681 2483 740 2513 dos
763 2483 949 2514 retineretur
972 2485 1011 2514 ab
1034 2484 1149 2515 herede
1171 2485 1222 2515 vel
1250 2495 1372 2521 socero,
1394 2485 1459 2516 iam

397 2525 514 2556 cedunt
535 2526 595 2556 iuri
619 2536 690 2562 suo,
715 2533 746 2556 et
767 2537 832 2557 non
857 2535 993 2567 possunt
1014 2528 1168 2559 beneficio
1192 2529 1334 2569 poenalis
1351 2530 1460 2560 statuti

396 2569 443 2599 uti
466 2569 499 2599 in
523 2569 592 2600 foro
617 2570 825 2602 conscientiae
841 2579 950 2602 contra
964 2572 1056 2602 illurn
1077 2573 1133 2613 qui
1150 2582 1215 2603 non
1239 2574 1351 2604 retinet
1367 2583 1459 2604 suam

397 2613 506 2644 dotem
530 2614 683 2645 creditore
706 2614 816 2651 invito,
834 2622 892 2646 etc.
1438 2655 1444 2660 η

451 2658 520 2689 XII.
544 2658 579 2688 In
602 2659 809 2698 responsione
832 2660 871 2690 ad
895 2660 1069 2699 septimum
1098 2660 1241 2691 eiusdem
1263 2661 1386 2692 articuli
1412 2671 1458 2692 se-

395 2702 508 2738 cundi,
532 2702 587 2732 ubi
610 2702 712 2742 agitur
741 2703 779 2733 de
802 2711 975 2743 augmento
997 2704 1048 2734 vel
1071 2704 1282 2736 diminutione
1309 2705 1402 2745 pretii
1423 2706 1457 2736 in

395 2746 577 2776 venditione
593 2747 633 2776 ad
648 2753 785 2787 tempus,
803 2747 938 2778 dubium
954 2748 1091 2778 occurrit
1109 2758 1146 2779 ex
1162 2749 1256 2780 sacris
1271 2749 1457 2781 canonibus.

396 2790 560 2827 Quoniam
582 2791 687 2827 Extra,
710 2791 750 2822 de
769 2791 894 2830 Usuris,
920 2802 988 2832 cap.
1004 2791 1044 2822 In
1069 2793 1196 2824 civitate
1219 2800 1249 2824 et
1271 2803 1340 2833 cap.
1357 2794 1456 2825 Navi-

394 2835 499 2875 ganti,
524 2835 589 2865 duo
613 2834 646 2864 in
670 2835 832 2872 sententia,
857 2836 930 2866 licet
951 2843 1013 2867 tres
1029 2836 1092 2866 sint
1115 2846 1260 2874 numero,
1285 2847 1375 2868 casus
1398 2848 1457 2878 po-

395 2885 515 2909 nuntur
537 2879 611 2909 huic
635 2879 796 2910 doctrinae
820 2880 976 2910 contrarii.
1006 2881 1161 2920 Expresse
1183 2891 1322 2923 namque
1344 2881 1388 2913 ibi
1411 2883 1457 2912 di-

396 2922 476 2953 citur
497 2923 587 2962 quod
610 2923 635 2953 si
659 2923 748 2964 piper
770 2924 854 2954 valet
869 2934 954 2955 nunc
969 2924 1112 2965 quinque
1128 2924 1232 2962 libras,
1257 2932 1288 2957 et
1309 2926 1457 2957 venditur

395 2976 448 2997 sex
470 2966 556 2996 libris
580 2967 620 2997 ad
638 2974 775 3007 tempuS,
800 2977 838 2998 eo
854 2969 944 3009 quod
966 2975 1111 3008 tempore
1127 2969 1297 3000 solutionis
1320 2980 1360 3001 an
1383 2971 1457 3011 plus

394 3011 446 3040 vel
468 3010 575 3041 minus
603 3020 701 3051 quarn
725 3021 777 3042 sex
799 3011 930 3048 valebit,
954 3012 1164 3044 verisimiliter
1188 3014 1366 3051 dubitatur,
1390 3024 1457 3045 non

395 3061 527 3094 peccant
547 3055 719 3085 vendentes
742 3065 828 3086 nunc
851 3056 941 3096 piper
963 3066 1022 3096 pro
1046 3067 1099 3088 sex
1122 3057 1161 3087 ad
1184 3064 1320 3098 tempus.
1344 3059 1386 3089 Et
1407 3068 1457 3090 ea-

397 3098 470 3128 dem
499 3098 652 3129 sententia
678 3099 846 3139 replicatur
874 3099 907 3130 in
933 3110 949 3130 2
969 3100 988 3140 g
1016 3110 1084 3142 cap.
1105 3102 1304 3143 Naviganti:
1335 3110 1459 3134 constat

396 3151 537 3182 namque
561 3143 649 3183 quod
671 3142 703 3172 in
727 3141 790 3173 hoc
814 3153 888 3174 casu
911 3150 1071 3184 expectata
1088 3145 1206 3176 solutio
1220 3138 1262 3176 ‘in
1286 3146 1395 3177 futuro
1411 3154 1458 3178 est

396 3186 475 3216 ratio
499 3186 627 3216 maioris
651 3186 752 3226 pretii.
768 3204 789 3210 -
806 3187 841 3217 In
857 3187 940 3218 calce
956 3197 1088 3228 quoque
1104 3189 1178 3219 dicti
1193 3199 1261 3230 cap.
1277 3190 1459 3231 Naviganti

397 3229 528 3270 ponitur
550 3230 626 3261 alter
649 3236 754 3261 casus:
786 3231 876 3271 quod
899 3238 1076 3262 servaturus
1099 3242 1235 3272 granum
1257 3240 1363 3274 potest
1385 3234 1458 3274 plus

396 3274 531 3304 vendere
554 3275 594 3304 ad
617 3281 744 3314 tempus
767 3284 866 3315 quam
889 3282 965 3306 tunc
988 3276 1090 3306 valeat
1113 3277 1243 3316 quando
1265 3277 1382 3308 vendit.

451 3319 502 3348 Ad
521 3318 582 3348 hoc
606 3318 720 3349 dicitur
741 3319 831 3359 quod
854 3319 1021 3359 dupliciter
1036 3320 1189 3360 contingit
1209 3320 1331 3352 differre
1346 3331 1458 3352 secun-

398 3362 476 3392 dum
499 3368 626 3402 tempus
650 3362 846 3393 solutionem
868 3373 887 3393 a
908 3363 1101 3395 venditione.
1126 3364 1200 3395 Uno
1223 3365 1333 3402 modo,
1358 3372 1394 3397 ut
1412 3373 1459 3397 est

398 3406 479 3436 actio
503 3407 678 3436 secundum
702 3406 838 3447 seipsam
861 3414 1002 3447 separata
1029 3409 1067 3439 ab
1091 3409 1268 3448 emptione:
1299 3409 1343 3440 ita
1370 3411 1458 3450 quod

398 3449 460 3480 sint
480 3449 523 3479 ibi
542 3456 679 3490 quatuor
695 3451 843 3488 actiones,
860 3451 977 3482 scilicet
991 3452 1142 3489 venditio,
1159 3453 1290 3493 emptio,
1307 3460 1459 3484 mutuum

398 3492 589 3533 implicitum
621 3496 814 3534 expectando
845 3495 1039 3526 solutionem
1066 3496 1100 3526 in
1124 3497 1249 3533 futuro,
1281 3504 1312 3528 et
1341 3498 1458 3529 solutio

1045 250 1311 296 QUAESTIO
1342 250 1552 297 LXXVIII,
1582 252 1878 290 ARTICULUS
1909 255 1939 290 II

1497 333 1499 346 ¹
1525 327 1602 367 ipsa.
1627 329 1668 359 Et
1691 329 1734 360 sic
1757 330 1900 371 loquitur
1922 333 2044 362 Auctor
2067 332 2105 362 de
2129 332 2290 363 solutione
2313 333 2434 370 futura,
2459 342 2490 366 et
2513 335 2589 366 dicit

1526 372 1615 411 quod
1644 373 1779 404 vendere
1812 375 1883 414 plus
1916 375 2036 405 ratione
2058 375 2255 407 ¹huiusmodi
2285 378 2509 416 expectationis
2542 386 2589 410 est

1525 424 1637 445 usura:
1669 423 1699 447 et
1722 417 1864 448 similiter
1888 429 1991 449 emere
2014 419 2121 450 minus
2148 420 2269 450 ratione
2293 420 2479 462 anticipatae
2502 424 2588 453 solu-

1525 458 1631 495 tionis,
1657 461 1767 491 eadem
1789 462 1920 493 ratione.
1941 480 1962 485 -
1985 463 2058 493 Alio
2078 464 2188 499 modo,
2214 470 2249 494 ut
2272 471 2318 495 est
2341 475 2413 504 pars
2437 475 2588 497 consum-

1497 511 1498 515 *
1524 503 1642 533 mativa
1665 505 1849 545 emptionis:
1873 506 1916 537 ita
1940 507 2029 547 quod
2051 507 2131 538 sicut
2152 507 2293 538 venditio
2311 508 2484 548 integratur
2497 511 2588 550 quasi

1524 545 1561 576 ex
1585 547 1708 578 duabus
1731 549 1882 588 partibus,
1906 550 2022 581 scilicet
2045 561 2082 582 ex
2104 558 2267 582 contractu
2286 553 2477 583 venditionis
2500 561 2531 584 et
2551 564 2588 585 ex

1524 590 1690 622 traditione
1714 592 1758 622 rei
1788 603 1870 634 quae
1898 594 2061 631 venditur,
2085 595 2128 626 ita
2157 596 2278 636 emptio
2301 596 2476 636 integratur
2497 598 2587 638 quasi

1523 644 1560 664 ex
1590 635 1713 666 duabus
1736 637 1894 676 partibus,
1918 638 2036 669 scilicet
2057 640 2220 679 emptione
2249 647 2280 671 et
2302 640 2463 671 solutione
2485 642 2586 682 pretii.

1522 679 1563 709 Et
1586 679 1667 709 sicut
1689 681 1830 711 venditio
1859 689 1964 721 potest
1986 683 2100 714 habere
2123 694 2197 714 suas
2223 691 2328 724 partes
2351 692 2508 725 separatas
2538 696 2585 716 se-

1523 723 1666 753 cundum
1688 730 1826 764 tempus,
1846 732 1882 755 ut
1905 733 1992 765 patet
2014 727 2092 757 dum
2108 728 2222 768 aliquis
2237 729 2346 759 vendit
2361 739 2410 759 res
2425 730 2586 769 assignan-

1522 767 1577 796 das
1593 767 1626 797 in
1642 767 1749 798 futura
1764 775 1896 805 aestate;
1919 769 1963 800 ita
1978 770 2073 800 etiam
2089 771 2209 812 emptio
2227 779 2331 812 potest
2352 773 2467 804 habere
2482 780 2586 814 partes

1522 821 1595 841 suas
1618 818 1784 851 separatas,
1809 819 1845 842 ut
1867 819 1954 852 patet
1976 823 2051 844 cum
2073 815 2187 855 aliquis
2203 816 2280 846 emit
2296 817 2405 847 oleum
2420 817 2454 847 in
2469 818 2584 852 hieme,

1521 855 1685 885 soluturus
1715 866 1774 895 pro
1803 866 1842 886 eo
1872 857 1905 886 in
1929 864 2045 888 aestate
2075 858 2182 889 futura
2205 859 2413 891 frumentum.
2445 861 2585 898 Quando

1521 899 1616 938 igitur
1638 900 1757 930 solutio
1782 907 1817 930 ut
1840 911 1912 940 pars
1936 902 2109 941 emptionis
2124 904 2378 934 consummativa
2393 912 2584 945 expectatur,

1520 949 1596 974 tunc
1619 944 1746 974 nullum
1769 943 1936 975 intervenit
1952 952 2114 976 mutuum.
2138 947 2180 977 Et
2202 947 2276 978 ideo
2300 948 2413 979 dicitur
2433 949 2466 979 in
2481 950 2585 980 decre-

1519 987 1634 1018 talibus
1658 988 1748 1028 quod
1762 998 1828 1019 non
1848 995 1896 1019 est
1912 998 2023 1019 usura:
2048 990 2104 1020 sed
2123 991 2336 1022 commutatio
2351 992 2410 1022 ista
2429 1000 2476 1024 est
2493 994 2585 1034 quasi

1520 1031 1708 1068 claudicans,
1731 1042 1786 1063 seu
1811 1033 1952 1073 pendens
1976 1034 2016 1063 ad
2039 1033 2194 1071 futurum,
2214 1035 2305 1075 quasi
2321 1035 2493 1076 emptionis
2508 1047 2585 1067 con—

1519 1076 1693 1107 summatio
1724 1077 1826 1108 trahat
1849 1077 1888 1107 ad
1912 1087 1944 1107 se
1967 1078 2195 1110 venditionem.
2226 1079 2267 1109 Et
2296 1086 2464 1119 propterea
2495 1081 2585 1111 aesti-

1518 1120 1654 1150 mandus
1670 1121 1855 1151 conceditur
1870 1121 1961 1151 valor
1976 1122 2019 1152 rei
2036 1132 2118 1163 quae
2133 1123 2281 1153 venditur
2297 1123 2490 1154 conferendo
2506 1131 2585 1155 tem-

1517 1173 1578 1202 pus
1602 1173 1750 1203 praesens
1774 1165 1813 1195 ad
1837 1172 1964 1205 tempus
1987 1167 2167 1204 solutionis,
2192 1167 2254 1198 hoc
2274 1175 2322 1198 est
2345 1175 2585 1199 consummatae

1518 1207 1705 1247 emptionis:
1737 1208 1780 1238 ita
1803 1209 1894 1249 quod
1916 1216 2041 1240 tantum
2071 1211 2145 1250 plus
2168 1218 2273 1251 potest
2296 1212 2454 1242 aestimari
2484 1222 2585 1253 quan—

1517 1257 1588 1280 tum
1610 1251 1691 1282 inter
1713 1252 1786 1292 plus
1810 1260 1840 1283 et
1863 1253 1970 1284 minus
1992 1255 2128 1285 creditur
2142 1255 2354 1286 verisimiliter
2375 1263 2453 1286 tunc
2467 1266 2517 1287 res
2532 1266 2584 1286 va·

1516 1294 1620 1330 litura,
1637 1301 1695 1326 etc.
1720 1296 1761 1327 Et
1785 1295 1861 1326 haec
1880 1303 1936 1333 est,
1956 1298 2074 1328 iudicio
2096 1308 2180 1335 meo,
2203 1299 2345 1330 litteralis
2360 1300 2440 1331 ratio
2455 1300 2583 1331 illarum

1517 1338 1722 1369 decretalium
1744 1340 1853 1380 quoad
1876 1340 1954 1371 istos
1977 1351 2079 1372 casus.

1573 1382 1686 1413 Ultimi
1702 1389 1810 1414 autem
1823 1393 1913 1414 casus
1929 1385 2009 1415 ratio
2026 1392 2072 1416 est
2088 1386 2210 1422 eadem,
2223 1393 2260 1417 ut
2274 1386 2318 1416 ibi
2335 1387 2458 1424 dicitur,
2475 1388 2584 1429 quoad

1515 1425 1588 1461 hoc,
1612 1427 1702 1467 quod
1725 1427 1843 1458 scilicet
1866 1428 1988 1459 ratione
2012 1429 2100 1459 dubii
2123 1430 2216 1469 pretii
2239 1430 2338 1461 futuri
2356 1431 2484 1462 maioris
2506 1438 2584 1464 tunc

1515 1479 1614 1510 quam
1643 1481 1729 1502 nunc
1751 1471 1963 1503 verisimiliter
1991 1473 2164 1510 aestimati,
2195 1474 2320 1505 licitum
2347 1482 2395 1506 est
2418 1482 2583 1510 servaturo

1515 1524 1564 1544 res
1586 1515 1712 1546 venales
1734 1517 1870 1547 vendere
1893 1517 1933 1547 ad
1956 1523 2084 1558 tempus
2107 1518 2227 1559 aliquid
2251 1518 2323 1558 plus
2346 1529 2445 1560 quam
2459 1520 2585 1551 valeant

1514 1565 1659 1599 tempore
1682 1569 1749 1600 quo
1781 1560 1896 1591 vendit.
1935 1561 1977 1591 Et
1999 1568 2076 1592 nota
2099 1562 2189 1602 quod
2211 1562 2286 1594 licet
2309 1562 2425 1594 Glossa
2451 1564 2485 1594 in
2512 1574 2582 1605 cap.

1514 1602 1556 1633 In
1579 1604 1721 1641 civitate,
1747 1614 1822 1634 cum
1845 1605 2050 1645 sequacibus,
2075 1606 2232 1637 censuerit
2255 1616 2365 1638 casum
2387 1607 2584 1639 antedictum

1514 1646 1547 1677 in
1571 1657 1640 1687 cap.
1660 1648 1699 1678 In
1723 1649 1852 1679 civitate
1874 1649 2016 1679 decisum
2040 1659 2108 1680 esse
2137 1650 2224 1681 iuxta
2246 1651 2333 1682 hunc
2355 1651 2509 1682 ultimum
2531 1661 2582 1683 ca-

1515 1701 1598 1728 sum,
1623 1691 1740 1722 scilicet
1762 1693 1851 1734 quod
1875 1693 1908 1723 in
1931 1693 1986 1723 illo
2010 1703 2084 1724 casu
2109 1694 2370 1735 subintelligatur,
2393 1697 2422 1726 si
2437 1696 2584 1728 venditor

1514 1741 1587 1765 erat
1607 1741 1818 1773 servaturus;
1840 1737 2006 1768 manifeste
2029 1745 2136 1768 tamen
2159 1739 2359 1770 convincitur
2381 1739 2463 1771 hanc
2485 1750 2583 1782 expo·

1515 1779 1665 1809 sitionem
1687 1789 1754 1810 non
1777 1790 1953 1811 consonare
1976 1781 2106 1813 litterae.
2138 1783 2227 1813 Tum
2257 1783 2332 1824 quia
2355 1783 2435 1814 nihil
2462 1785 2501 1815 de
2523 1785 2582 1816 hac

1516 1823 1701 1854 conditione
1723 1824 1767 1855 ibi
1791 1824 1913 1855 dicitur.
1938 1825 2027 1856 Tum
2049 1826 2126 1866 quia
2148 1827 2182 1856 in
2205 1826 2267 1857 hoc
2289 1828 2405 1858 eodem
2427 1837 2497 1869 cap.
2513 1829 2581 1860 Na—

1516 1868 1652 1908 viganti,
1676 1868 1710 1898 in
1728 1868 1747 1909 g
1765 1877 1793 1904 2,
1819 1878 1909 1899 casus
1933 1869 1966 1899 in
1989 1869 2076 1900 idem
2099 1870 2179 1900 redit
2203 1880 2276 1901 cum
2301 1881 2375 1902 casu
2397 1872 2430 1902 in
2455 1881 2524 1914 αφ.
2539 1873 2580 1904 In

1515 1912 1662 1949 civitate,
1687 1919 1719 1943 et
1741 1912 1968 1944 determinatur
1989 1913 2108 1944 ibidem
2131 1914 2199 1944 sine
2222 1914 2281 1945 hac
2303 1915 2529 1953 conditionali,
2551 1919 2582 1948 si

1515 1962 1586 1986 erat
1606 1962 1807 1987 servaturus.
1832 1957 1925 1987 Unde
1947 1957 2027 1987 mihi
2049 1957 2174 1989 videtur
2196 1958 2286 1999 quod
2309 1959 2368 1990 iste
2385 1960 2520 1992 ultimus
2534 1967 2583 1993 ent

1514 2000 1595 2030 alius
1610 1999 1644 2031 in
1659 2001 1814 2031 sententia
1829 2001 1867 2031 ab
1884 2001 1946 2032 illis
1965 2001 2071 2041 primo
2088 2002 2194 2034 dictis:
2215 2009 2246 2034 et
2264 2003 2354 2043 quod
2368 2003 2412 2034 ibi
2427 2004 2582 2036 habeatur

1513 2044 1594 2075 ratio
1617 2044 1733 2075 valoris
1756 2045 1800 2075 rei
1824 2055 1882 2085 pro
1907 2051 2051 2086 tempore
2082 2056 2150 2087 quo
2173 2053 2417 2078 consummatur
2439 2049 2580 2090 emptio;

1513 2088 1565 2119 hic
1588 2096 1697 2120 autem
1719 2098 1786 2119 non
1810 2087 1912 2131 (unde
1934 2089 2014 2120 nihil
2036 2089 2152 2122 dicitur
2174 2091 2213 2121 de
2231 2090 2339 2122 valore
2361 2098 2506 2132 tempore
2529 2102 2581 2124 su-

1513 2131 1670 2175 lutionis),
1690 2133 1758 2163 sed'
1769 2133 1903 2164 habetur
1918 2133 1997 2164 ratio
2013 2134 2129 2165 valoris
2144 2134 2188 2165 rei
2211 2141 2356 2176 tempore
2372 2135 2482 2167 futuro
2505 2137 2581 2179 quia

1513 2183 1579 2207 erat
1601 2183 1791 2208 servaturus.
1828 2178 1922 2208 Unde
1945 2178 2040 2209 etiam
2063 2178 2089 2208 si
2112 2188 2180 2209 non
2202 2180 2242 2209 ad
2265 2186 2403 2220 tempus,
2427 2181 2482 2211 sed
2503 2187 2581 2214 tunc

1513 2220 1624 2252 fuisset
1653 2221 1860 2258 solvendum,
1889 2222 2046 2261 potuisset
2075 2222 2170 2253 etiam
2200 2223 2273 2264 plus
2296 2225 2432 2256 vendere
2460 2225 2494 2255 in
2518 2225 2580 2257 hoc

1512 2265 1604 2296 tertio
1628 2275 1715 2296 casu.
1736 2283 1757 2289 -
1781 2265 1843 2296 Sed
1866 2272 1942 2296 nota
1964 2266 2054 2307 quod
2080 2276 2147 2298 non
2173 2267 2288 2298 dicitur
2309 2268 2343 2298 in
2365 2268 2468 2300 littera
2489 2271 2580 2311 quod

1511 2309 1604 2340 liceat
1626 2309 1659 2339 in
1682 2309 1745 2340 hoc
1769 2319 1843 2340 casu
1873 2316 1999 2341 tantum
2021 2311 2157 2342 vendere
2187 2318 2345 2353 quantum
2369 2313 2505 2345 creditur
2526 2323 2579 2346 w

1511 2353 1661 2384 liturum:
1686 2353 1762 2395 quia
1784 2354 1846 2385 hoc
1867 2360 1915 2385 est
1937 2354 2070 2392 falsum;
2095 2355 2250 2396 quoniam
2265 2356 2392 2388 futurus
2406 2358 2498 2390 valor
2511 2366 2579 2393 nou

1511 2397 1572 2428 nisi
1594 2398 1628 2428 in
1658 2398 1801 2439 potentia
1825 2405 1887 2434 est,
1911 2405 1942 2430 et
1971 2399 2059 2430 iuxta
2081 2399 2169 2440 prius
2192 2400 2291 2431 dictas
2313 2402 2438 2441 regulas
2452 2402 2486 2439 *,
2510 2411 2578 2434 non

1512 2449 1559 2473 est
1575 2442 1809 2473 aestimandum
1831 2443 1922 2483 quod
1944 2442 2078 2474 habetur
2092 2443 2126 2474 in
2141 2444 2284 2484 potentia
2307 2454 2343 2475 ac
2362 2445 2388 2475 si
2411 2445 2579 2478 haberetur

1511 2486 1545 2516 in
1561 2492 1649 2516 actu:
1675 2503 1696 2509 -
1720 2486 1775 2516 sed
1797 2487 1886 2527 quod
1905 2486 1978 2517 licet
1993 2487 2129 2518 vendere
2144 2488 2264 2529 aliquid
2279 2488 2362 2528 plus.
2386 2489 2428 2520 Et
2441 2490 2468 2520 si
2483 2500 2579 2532 quae-

1511 2539 1560 2560 ras
1584 2537 1757 2570 quantum:
1788 2547 1810 2553 -·
1839 2531 2018 2570 respondeo
2047 2538 2205 2571 quantum
2232 2532 2304 2572 plus
2327 2540 2486 2564 teneretur
2508 2535 2576 2572 fur,

1511 2574 1634 2604 seclusa
1657 2573 1787 2610 iniuria,
1812 2574 1838 2604 si
1865 2581 1942 2605 tunc
1971 2574 2127 2606 furaretur
2154 2585 2222 2606 rem
2244 2577 2333 2607 illam
2361 2587 2380 2607 a
2402 2585 2575 2611 servaturo.

1512 2617 1648 2649 Constat
1678 2627 1817 2658 namque
1847 2619 1938 2659 quod
1967 2628 2033 2649 non
2063 2626 2221 2651 teneretur
2248 2621 2289 2651 ad
2315 2627 2421 2652 totum
2449 2623 2577 2655 lucrum

1511 2671 1651 2698 cessans,
1677 2668 1712 2692 ut
1734 2668 1820 2702 patet
1843 2672 1880 2693 ex
1903 2662 2066 2694 antedictis
2084 2663 2111 2694 *.
2141 2681 2164 2687 —
2192 2665 2330 2695 Adverte
2352 2672 2460 2696 tamen
2487 2668 2577 2708 quod

1511 2706 1538 2736 si
1560 2705 1611 2737 hic
1635 2713 1815 2737 servaturus
1837 2707 1987 2738 venderet
2014 2708 2053 2737 ad
2076 2714 2220 2748 tempus,
2245 2715 2278 2739 et
2298 2709 2392 2740 vellet
2421 2712 2576 2750 pensitare

1510 2759 1578 2780 rem
1597 2760 1688 2780 suam
1711 2750 1752 2781 ad
1767 2757 1894 2791 tempus
1917 2751 1950 2782 in
1967 2761 2034 2792 quo
2050 2759 2116 2783 erat
2130 2759 2321 2787 servaturus,
2337 2754 2380 2784 ita
2394 2756 2485 2795 quod
2500 2763 2577 2787 tunc

1511 2794 1607 2825 etiam
1630 2794 1748 2825 solutio
1773 2795 2026 2826 consummativa
2050 2796 2222 2836 emptionis
2238 2804 2430 2838 expectetur,
2453 2799 2577 2831 licitum

1511 2845 1710 2870 contractum
1732 2838 1856 2875 faceret,
1881 2839 1962 2870 sicut
1985 2840 2024 2870 de
2047 2849 2122 2871 casu
2146 2840 2252 2881 primo
2276 2841 2399 2873 dictum
2421 2849 2477 2875 est.

1565 2883 1653 2913 Haec
1676 2888 1783 2913 autem
1806 2892 1889 2923 quae
1912 2883 2064 2921 diximus,
2087 2884 2160 2915 vide
2182 2894 2282 2926 quam
2303 2886 2482 2926 periculosa
2503 2888 2576 2928 sint,

1510 2933 1550 2963 et,
1575 2927 1647 2957 licet
1663 2936 1729 2957 non
1745 2933 1875 2964 extorta,
1893 2933 1990 2959 tracta
2013 2934 2121 2959 tamen
2144 2936 2302 2970 quantum
2325 2931 2406 2962 trahi
2430 2938 2574 2972 possunt.

1509 2971 1551 3002 Et
1573 2977 1740 3011 propterea
1763 2971 1863 3012 magis
1885 2981 1944 3012 pro
1968 2972 2092 3003 casibus
2113 2979 2145 3004 et
2168 2974 2406 3014 exceptionibus
2427 2976 2576 3008 tolerabi-

1508 3015 1592 3046 libus
1614 3025 1714 3056 quam
1736 3025 1794 3056 pro
1822 3016 1938 3056 regulis
1960 3016 2105 3047 habenda
2132 3024 2220 3049 sunt:
2251 3025 2382 3059 propter
2405 3020 2495 3060 quod
2517 3020 2575 3051 P·-

1510 3066 1576 3090 stor
1590 3059 1771 3090 animarum
1785 3059 1804 3080 ¹⁸
1826 3060 1965 3091 consulit
1980 3061 2213 3093 abstinendum.
2238 3062 2333 3093 Unde
2348 3063 2427 3094 nihil
2451 3065 2576 3096 obstant

1511 3103 1671 3134 doctrinae
1683 3104 1843 3140 Auctoris,
1857 3113 1939 3145 quae
1951 3105 2030 3145 quid
2045 3105 2227 3146 regulariter
2239 3107 2398 3146 agendum
2410 3114 2457 3139 est
2470 3108 2575 3147 tradit,

1511 3147 1593 3178 dicta
1615 3147 1648 3177 in
1667 3147 1773 3187 primo
1794 3157 1880 3179 casu.
1904 3148 1996 3179 Dicta
2013 3155 2121 3180 autem
2137 3149 2169 3179 in
2187 3151 2338 3187 secundo,
2357 3151 2382 3182 si
2398 3153 2575 3184 secundum

1510 3191 1633 3232 regulas
1657 3191 1725 3221 eius
1748 3192 1837 3232 quod
1858 3180 1991 3223 habetur
2013 3192 2047 3223 in
2069 3193 2210 3233 potentia
2225 3204 2274 3225 res
2290 3196 2482 3232 aestimetur,
2499 3204 2574 3227 con—

1511 3241 1627 3265 sonant
1648 3235 1810 3266 docti-inae
1833 3236 1991 3272 Auctoris,
2016 3242 2047 3267 et
2069 3247 2135 3267 non
2158 3244 2302 3278 spectant
2320 3240 2360 3270 ad
2376 3239 2504 3271 dilatam
2519 3250 2573 3271 so-

1510 3279 1679 3315 lutionem,
1704 3279 1759 3309 sed
1774 3279 1815 3309 ad
1830 3279 1957 3310 tertium
1975 3290 2084 3311 casum
2103 3281 2136 3312 in
2151 3282 2359 3323 responsione
2377 3284 2418 3314 ad
2433 3283 2574 3324 primum

1510 3332 1567 3363 per
1589 3333 1648 3353 nos
1672 3323 1815 3353 decisum
1829 3323 1859 3353 *:
1884 3324 2040 3364 quoniam
2063 3325 2106 3356 sic
2122 3325 2180 3357 iste
2196 3332 2243 3357 est
2257 3327 2479 3367 intelligendus
2493 3328 2575 3359 sicut

1510 3367 1563 3397 ille
1593 3366 1632 3397 de
1655 3367 1790 3407 pecunia
1813 3368 2020 3407 negotiatoria
2041 3369 2092 3400 vel
2115 3370 2271 3410 emptoria
2297 3378 2329 3402 et
2355 3372 2394 3402 de
2416 3372 2573 3403 mercibus

1512 3410 1687 3441 deferendis
1711 3411 1750 3441 ad
1773 3412 1945 3448 nundinas;
1975 3412 2134 3453 siquidem
2163 3415 2230 3454 pari
2253 3425 2349 3455 passu
2372 3422 2518 3452 currunt,
2543 3424 2574 3448 et

1512 3464 1549 3485 ex
1572 3455 1683 3486 eadem
1706 3455 1827 3492 radice,
1852 3455 1969 3488 scilicet
1999 3467 2035 3488 ex
2057 3458 2200 3498 potentia
2228 3459 2268 3489 ad
2294 3459 2420 3490 lucrum
2443 3460 2488 3490 rei
2511 3460 2573 3491 exi-

1512 3499 1621 3529 stentis
1644 3499 1677 3529 in
1701 3499 1754 3530 tali
1780 3506 1862 3531 statu
1886 3501 1945 3531 sub
1968 3501 2131 3534 industria.

2605 2407 2616 2419 ⁸
2629 2407 2703 2431 Num.
2711 2413 2747 2435 tu,
2757 2415 2779 2436 v,
2788 2415 2820 2432 vi.

2603 2667 2614 2677 ‘⁴
2634 2666 2708 2689 Num.
2729 2673 2751 2688 v.

2603 3068 2613 3078 ·
2624 3067 2692 3090 Alex.
2709 3067 2755 3100 111,
2775 3068 2814 3090 cit.

2602 3099 2654 3122 cap.
2664 3093 2691 3116 In
2705 3094 2769 3116 clm.

2601 3331 2611 3342 ⁸
2625 3331 2696 3354 Num.
2711 3337 2748 3359 vi,
2757 3337 2799 3354 vn.
