2860 4244
85 783 95 794 ⁸
109 782 182 804 serm.
203 781 256 803 ειν
271 781 294 803 in
343 770 350 777 ’“

85 807 297 856 mittit-fia

923 295 1188 342 QUAESTIO
1219 297 1392 344 LXXVI,
1422 297 1718 334 ARTICULUS
1749 298 1811 344 Ill,
1834 297 1883 333 lV
2418 299 2486 345 145

1119 441 1434 483 ARTICULUS
1462 441 1690 483 TERTIUS

886 532 1040 563 UTRUM
1063 532 1343 564 MALEDICERE
1367 533 1434 564 srr
1458 533 1695 565 PECCATUM
1719 534 1930 566 MORTALE

354 633 414 674 ,τη-,ἧι
436 636 507 678 522«
534 631 556 655 D
575 630 736 656 TERTmM
755 631 808 656 sm
831 631 1070 656 PRocEmTUR.
1100 620 1260 657 Videtur
1278 621 1383 669 quod
1409 622 1411 645 ῑ

350 661 402 723 ’ἱϊῖὲ
414 661 502 730 ,2⁸ssss
533 672 760 709 maledicere
798 684 876 709 non
905 671 950 708 sit
977 680 1177 720 peccatum
1210 674 1381 710 mortale.
1409 664 1411 712 Ξ
1438 685 1540 710 nunc
1569 674 1773 721 loquimur,
1801 684 1856 712 est
1883 689 1951 724 per
1981 689 2095 725 quam
2123 677 2387 726 pronuntiatur
2422 690 2501 714 ma—

378 722 386 730 ”
404 721 413 723 ’
437 721 457 763 ζ
479 720 766 772 Augustinus
801 724 924 771 enim,
954 724 991 761 in
1022 725 1178 762 homilia
1215 727 1260 762 de
1287 727 1385 775 Igne
1409 765 1411 768 Α
1438 726 1518 762 lum
1548 734 1678 763 contra
1707 727 1873 775 aliquem
1893 730 1954 766 vel
1980 730 2205 778 imperando
2226 731 2287 767 vel
2317 731 2499 779 optandO.

421 779 427 786 '
490 768 762 826 &Purgatorio
790 776 828 823 ²⁸,
863 786 1038 814 numerat
1075 778 1383 815 maledictionem
1410 797 1411 831 ;
1436 778 1543 815 Velle
1570 786 1708 826 autem,
1737 782 1798 816 vel
1828 781 1990 830 imperio
2020 795 2178 820 movere
2199 784 2247 820 ad
2276 785 2421 821 malum
2450 786 2500 820 al—

322 828 418 865 inter
451 828 551 865 levia
578 838 746 877 peccata.
790 831 896 867 Haec
933 838 1061 867 autem
1091 840 1178 868 sunt
1209 831 1383 868 venialia.
1410 833 1411 876 Ῐ
1438 831 1572 877 terius,
1602 833 1814 869 secundum
1844 846 1883 870 se
1914 843 2097 883 repugnat
2125 836 2287 883 caritati,
2317 849 2393 886 qua
2423 837 2501 874 dili-

1491 621 1718 658 Rssspounsso
1752 634 1935 660 DICENDUM
1971 625 2076 671 quod
2104 624 2320 662 maledictio
2348 626 2395 661 de
2425 637 2501 673 qua

2527 1109 2537 1118 ⁸
2553 1108 2620 1130 veru.
2634 1115 2656 1135 9.

25 893 34 895 *
85 861 223 889 opp,A„g,
323 881 426 927 Ergo
455 882 672 919 maledictio
701 895 780 919 non
809 891 864 920 est
891 891 1090 932 peccatum
1120 885 1292 931 mortale,
1317 885 1384 920 sed
1438 883 1561 931 gimus
1589 885 1806 932 proximum
1836 888 2010 924 volentes
2039 889 2184 925 bonum
2215 890 2341 938 ipsius.
2377 891 2426 927 Et
2451 890 2501 927 ita

322 933 484 970 veniale.
874 952 877 955 ⁴
1410 937 1650 989 {secundum
1672 949 1784 974 suum
1812 949 1932 986 genus
1953 949 2008 976 est
2026 950 2225 989 peccatum
2250 944 2422 980 mortale.
2453 944 2502 980 Et

378 998 412 1023 2.
435 987 677 1034 PRAETEREA,
709 1000 753 1025 ea
781 1001 878 1037 quae
917 1001 963 1025 ex
991 988 1068 1025 levi
1102 996 1210 1026 motu
1246 989 1384 1026 mentis
1411 996 1412 1017 ³
1437 997 1542 1026 tanto
1571 990 1722 1037 gravius
1742 999 1885 1038 quanto
1913 1004 2120 1041 personam
2150 995 2209 1031 cui
2237 996 2501 1033 maledicimus

183 1046 200 1063 ⁸
322 1038 536 1087 procedunt
562 1053 641 1078 non
660 1040 839 1078 videntur
859 1046 876 1063 ‘²
904 1053 986 1078 esse
1014 1049 1171 1090 peccata
1198 1041 1384 1079 mortalia.
1439 1042 1560 1090 magis
1588 1055 1717 1079 amare
1748 1051 1783 1079 et
1811 1046 1977 1082 revereri
2006 1054 2198 1084 tenemur:
2234 1049 2337 1085 unde
2367 1049 2502 1086 dicitur

324 1091 401 1129 Sed
429 1092 619 1131 interdum
650 1094 866 1131 maledictio
888 1106 933 1131 ex
961 1093 1035 1130 levi
1064 1101 1172 1130 motu
1200 1095 1384 1143 procedit.
1411 1105 1412 1117 ¹
1438 1095 1557 1131 Levit.
1578 1107 1625 1132 xx
1644 1095 1683 1132 *ε
1726 1096 1800 1138 Qui
1826 1098 2066 1135 maledixerit
2084 1101 2192 1148 patri
2216 1113 2284 1137 suo
2313 1108 2349 1138 et
2374 1104 2499 1149 matri,

324 1146 426 1193 Ergo
454 1146 672 1184 maledictio
700 1158 779 1184 non
809 1154 864 1183 est
891 1154 1092 1194 peccatum
1121 1149 1294 1184 mortale.
1439 1154 1560 1184 morte
1588 1149 1787 1186 moriatur.

378 1199 413 1235 3.
442 1199 676 1246 PRAETEREA,
705 1199 858 1247 gravius
897 1206 952 1236 est
979 1200 1079 1236 male
1115 1199 1238 1237 facere
1268 1213 1384 1250 quam
1411 1230 1412 1237 ,
1494 1201 1683 1250 Contingit
1697 1209 1826 1239 tamen
1839 1204 2002 1240 verbum
2019 1205 2296 1243 maledictionis
2311 1208 2501 1255 prolatum

323 1251 563 1289 maledicere.
612 1252 688 1290 Sed
723 1252 824 1289 male
861 1252 985 1289 facere
1023 1265 1101 1290 non
1141 1265 1293 1303 semper
1330 1262 1386 1291 est
1411 1258 1413 1300 ξ
1441 1266 1522 1290 esse
1555 1263 1754 1303 peccatum
1782 1256 1951 1303 veniale,
1994 1258 2056 1295 vel
2090 1266 2245 1307 propter
2276 1260 2501 1307 parvitatem

322 1311 523 1352 peccatum
565 1306 739 1342 mortale.
783 1306 884 1353 Ergo
928 1307 1048 1343 multo
1098 1305 1224 1343 minus
1270 1308 1386 1344 male·
1411 1324 1412 1328 ¹
1440 1307 1530 1344 mali
1557 1309 1663 1356 quod
1688 1308 1773 1356 quis
1800 1309 1916 1356 alteri,
1947 1311 2225 1358 maledicendo,
2255 1312 2500 1361 imprecatur:

324 1356 463 1394 dicere.
1411 1382 1413 1406 ;
1438 1361 1501 1397 vel
1531 1361 1644 1397 etiam
1672 1370 1829 1410 propter
1848 1363 2028 1400 affectum
2058 1364 2139 1401 eius
2159 1366 2223 1414 qui
2252 1367 2395 1414 profert
2423 1379 2503 1403 ma-

377 1410 465 1458 SED,
481 1421 646 1457 CONTRA,
676 1410 767 1447 nihil
797 1411 960 1448 excludit
996 1424 1018 1448 a
1050 1423 1168 1459 regno
1206 1412 1278 1449 Dei
1315 1413 1386 1449 nisi
1411 1418 1413 1458 ζ
1439 1413 1650 1450 ledictionis
1668 1415 1799 1461 verba,
1822 1416 1914 1452 dum
1943 1428 1987 1453 ex
2005 1417 2081 1454 levi
2105 1426 2224 1466 motu,
2245 1420 2306 1455 vel
2333 1431 2377 1456 ex
2397 1420 2501 1466 ludo,

248 1478 265 1481 ⁴
308 1458 523 1512 ‘peccatum
551 1465 723 1501 mortale.
755 1464 831 1501 Sed
860 1464 1075 1501 maledictio
1106 1465 1270 1502 excludit
1290 1478 1312 1502 a
1333 1476 1387 1502 re—
1412 1471 1413 1487 ³
1440 1474 1506 1503 aut
1542 1478 1587 1503 ex
1624 1467 1868 1516 subreptione
1906 1469 2030 1518 aliqua
2068 1471 2155 1508 talia
2183 1473 2303 1509 verba
2339 1473 2501 1521 profert;

85 1524 226 1547 ’νον-ω.
323 1527 398 1564 gno
418 1515 511 1554 Dei:
542 1517 755 1554 secundum
784 1517 875 1554 illud
904 1518 918 1554 I
947 1517 999 1554 ad
1020 1517 1107 1554 Cor.
1128 1529 1163 1554 νι
1181 1517 1222 1554 *ε
1250 1518 1387 1567 Neque
1412 1489 1414 1539 l
1440 1519 1529 1567 quia
1557 1528 1714 1567 peccata
1740 1522 1951 1558 verborum
1979 1523 2145 1560 maxime
2176 1537 2220 1561 ex
2245 1525 2382 1562 affectu
2412 1538 2503 1573 pen-

323 1569 499 1606 maledici
524 1582 644 1618 neque
670 1582 828 1618 rapaces
855 1581 1019 1619 regnum
1038 1571 1114 1607 Dei
1132 1571 1387 1618 possidebunt.
1413 1587 1415 1618 l
1439 1580 1580 1618 santur,
1610 1580 1651 1609 ut
1678 1585 1794 1621 supra
1813 1573 1832 1595 ’¹‘
1861 1575 2003 1612 dictum
2036 1584 2102 1613 est.
2529 1577 2582 1605 'Qu

321 1622 426 1670 Ergo
455 1622 671 1660 maledictio
699 1631 757 1659 est
783 1630 984 1671 peccatum
1013 1624 1186 1660 mortale.
1413 1622 1415 1669 l
1494 1626 1543 1661 Et
1569 1637 1639 1673 per
1666 1626 1741 1662 hoc
1767 1634 1871 1674 patet
1900 1629 2098 1676 responsio
2127 1630 2175 1666 ad
2205 1631 2365 1667 obiecta.

377 1753 406 1786 α)’
424 1754 560 1779 videntur.
572 1768 592 1773 -
610 1754 799 1780 universaliter
818 1754 888 1779 addit
906 1755 934 1779 P.

687 2009 844 2040 UTRUM
867 2009 1147 2042 MALEDICERE
1171 2010 1238 2042 SIT
1262 1982 1448 2043 GRAVIUS
1472 2012 1711 2044 PECCATUM
1736 2014 1861 2051 QUAM
1884 2014 2140 2047 DETRACTIO

0 2081 49 2135 ἔνθ’
87 2110 300 2136 *vuaeommenn
359 2106 419 2150 pf
443 2112 450 2126 ι
482 2116 515 2149 „4
536 2109 751 2140 DQUARTUM
765 2111 819 2136 su:
835 2099 1389 2150 pnocnn1wn*.videturquod
1415 2100 1417 2154 l
1497 2102 1724 2139 REspoNnEo
1757 2114 1943 2140 memnon
1979 2105 2104 2152 quod,
2136 2105 2231 2141 sicut
2260 2105 2298 2142 in
2326 2107 2457 2144 Primo
2486 2107 2505 2128 ’¹‘
2530 2116 2588 2144 *Qu

146 2144 202 2162 ‘¹¹¹'
370 2148 440 2199 ⁹2³5)
458 2140 754 2206 '‘pmaledictio
766 2152 1184 2201 sitgraviuspeccatum
1196 2167 1314 2202 quam
1326 2155 1390 2191 de-
1416 2157 1417 2169 ³
1443 2154 1615 2191 habitum
1646 2163 1713 2202 est,
1744 2156 1883 2204 duplex
1911 2164 1967 2193 est
1995 2158 2159 2194 malum:
2190 2158 2330 2195 scilicet
2359 2161 2504 2209 culpae,
2530 2149 2550 2170 ⁵⁴

348 2233 355 2252 z
387 2203 390 2205 ’
490 2206 507 2239 ἦ
529 2204 681 2242 tractio.
699 2204 1032 2243 Maledictioenim
1048 2206 1296 2245 videturesse
1313 2209 1391 2245 bla-
1416 2218 1417 2247 3
1445 2214 1481 2243 et
1507 2219 1670 2255 poenae.
1718 2209 1864 2245 Malum
1898 2218 2026 2246 autem
2057 2212 2190 2260 culpae
2224 2212 2334 2260 peius
2364 2221 2435 2259 est,
2465 2221 2506 2249 ut

386 2248 473 2289 τῖ’(
517 2258 712 2307 sphemia
727 2258 936 2306 quaedam:
957 2266 999 2296 ut
1017 2267 1121 2310 patet
1139 2272 1209 2310 per
1228 2261 1266 2298 id
1284 2262 1389 2310 quod
1416 2250 1418 2293 ἓ
1443 2259 1585 2297 ibidem
1615 2268 1812 2298 ostensum
1839 2269 1894 2299 est
1910 2262 1942 2299 *.
1972 2263 2083 2300 Unde
2105 2264 2230 2301 dicere
2259 2266 2403 2302 malum
2429 2267 2504 2302 cul·
2531 2277 2540 2285 ⁸

90 2309 182 2336 '‘7⁸²⁸-
196 2319 220 2342 ⁹·
326 2309 462 2348 dicitur
488 2308 526 2347 in
557 2311 753 2348 Canonica
778 2312 895 2350 Iudae
914 2312 945 2358 ⁸¹²,
976 2313 1079 2362 quod
1108 2325 1193 2351 cum
1221 2315 1392 2352 ,Michael
1416 2344 1417 2358 2
1442 2325 1516 2362 pae
1535 2314 1645 2362 peius
1667 2322 1721 2351 est
1740 2327 1858 2362 quam
1882 2315 2008 2353 dicere
2027 2318 2173 2354 malum
2192 2330 2364 2366 poenae:
2395 2319 2505 2356 dum-

324 2363 604 2412 Arcliangelus,
632 2376 718 2401 cum
747 2365 896 2402 diabolo
915 2366 1118 2414 disputans,
1142 2367 1391 2405 altercaretur
1416 2391 1418 2394 -
1444 2367 1563 2405 modo
1585 2367 1630 2404 sit
1644 2367 1747 2404 idem
1768 2369 1907 2405 modus
1924 2369 2085 2407 dicendi.
2108 2370 2170 2407 Ad
2185 2372 2505 2409 contumeliosum

326 2413 525 2464 de‘Moysi
541 2429 713 2467 corpore,
741 2431 816 2455 non
845 2425 899 2455 est
916 2431 1030 2456 ausus
1048 2420 1226 2457 iudicium
1249 2421 1391 2469 inferre
1416 2422 1418 2467 ζ
1442 2420 1565 2470 igitur,
1596 2433 1841 2458 susurronem
1872 2430 1907 2458 et
1936 2422 2200 2470 detractorem,
2231 2433 2267 2461 et
2296 2425 2409 2462 etiam
2443 2427 2506 2462 de-

26 2515 27 2518 *
325 2469 598 2518 blasphemiae;
625 2479 662 2508 et
681 2472 864 2521 accipitur
881 2472 932 2509 ibi
962 2473 1199 2522 blasphemia
1221 2486 1290 2522 pro
1310 2487 1390 2511 ma·
1444 2473 1618 2521 risorem,
1648 2474 1809 2522 pertinet
1839 2475 1965 2512 dicere
1993 2477 2135 2513 malum
2165 2477 2329 2525 culpae&
2362 2478 2430 2514 sed
2458 2478 2507 2515 ad

91 2527 216 2551 namna.

91 2742 157 2771 Ὠιι
167 2747 251 2770 mut.
259 2745 302 2764 nrt.

90 2775 111 2798 ³·

189 2805 207 2822 α

18 2840 36 2861 's
91 2852 210 2902 :lugam
232 2851 301 2879 m,

324 2521 540 2571 ledictione‚
560 2524 776 2562 secundum
800 2525 978 2563 Glossam
998 2526 1029 2564 *.
1059 2527 1302 2575 Blasphemia
1327 2540 1391 2564 au·
1417 2526 1419 2552 ³

325 2579 404 2615 tem
433 2583 489 2613 est
516 2576 668 2625 gravius
694 2586 895 2627 peccatum
916 2591 1032 2627 quam
1062 2578 1257 2617 detractio.
1287 2581 1390 2628 Ergo
1418 2587 1419 2599 ¹

327 2628 543 2667 maledictio
573 2638 629 2667 est
655 2632 808 2679 gravior
836 2633 1081 2671 detractione.

382 2694 417 2719 2.
437 2683 671 2729 Pluinnam,
701 2685 952 2722 homicidium
979 2693 1034 2723 est
1053 2686 1285 2724 detractione
1310 2698 1392 2735 gra-

326 2735 425 2779 vius,
454 2743 496 2772 ut
523 2748 640 2786 supra
657 2737 679 2759 ²⁸
707 2737 850 2775 dictum
881 2746 947 2775 est.
985 2740 1062 2777 Sed
1089 2740 1307 2776 maledictio
1338 2748 1393 2777 est
1418 2756 1419 2767 ³

328 2800 397 2837 par
412 2793 429 2809 ‘¹
447 2797 605 2837 peccato
621 2790 834 2829 homicidii:
857 2791 944 2829 dIcit
959 2792 1061 2829 enirn
1078 2793 1390 2841 Chrysostomus,

326 2853 440 2890 super
457 2842 594 2880 Matth.
614 2842 654 2880 *z
680 2844 775 2881 Cum
795 2844 955 2882 dixeris:
986 2861 1005 2879 «κ
1023 2845 1192 2882 Maledic
1210 2846 1254 2891 ei,
1275 2852 1312 2882 et
1327 2847 1392 2883 do-

329 2907 433 2932 mum
453 2902 587 2943 everte,
608 2902 644 2933 et
661 2898 788 2935 omnia
804 2898 932 2945 perire
938 2899 1014 2946 fac
1030 2914 1064 2944 »‚
1091 2899 1183 2935 nihil
1205 2900 1254 2936 ah
1272 2900 1392 2935 homi-

329 2948 412 2985 cida
441 2948 581 2998 differs.
625 2950 727 2998 Ergo
761 2950 976 2987 maledictio
1006 2958 1061 2987 est
1088 2950 1239 2998 gravior
1275 2964 1391 3000 quam
1418 2953 1420 2972 ÷

331 3001 525 3038 detractio.

386 3054 419 3091 3.
441 3054 674 3102 PRAETEREA,
697 3067 811 3092 causa
830 3055 1065 3105 praeeminet
1084 3055 1202 3104 signo.
1235 3057 1312 3094 Sed
1331 3057 1392 3095 ille
1419 3102 1420 3112 η

331 3107 397 3154 qui
416 3108 607 3145 maledicit
628 3117 757 3146 causat
781 3110 925 3146 malum
946 3122 1016 3146 suo
1038 3110 1218 3158 imperio:
1248 3110 1306 3147 ille
1328 3123 1393 3148 au-

330 3167 407 3196 tem
437 3161 503 3208 qui
524 3161 684 3198 detrahit
703 3163 827 3199 solum
847 3162 1032 3210 significat
1052 3163 1197 3200 malum
1220 3164 1296 3200 iam
1318 3165 1393 3200 exi·
1419 3175 1420 3211 ᾗ

309 3220 444 3250 ·5ῐετι5.
476 3214 640 3251 Gravius
660 3228 749 3264 ergo
770 3224 902 3264 peccat
920 3215 1128 3253 maledicus
1147 3215 1162 3245 β
1190 3230 1305 3266 quarn
1329 3217 1392 3254 de·
1419 3220 1420 3223 ’

331 3274 483 3303 tractor.
1419 3292 1421 3309 ι

387 3319 460 3356 SED
481 3331 628 3356 CONTRA
648 3332 714 3358 EST
728 3322 833 3369 quod
854 3322 1036 3359 detractio
1052 3334 1131 3359 non
1150 3330 1276 3371 potest
1294 3324 1393 3360 bene
1419 3313 1422 3379 ἰ

331 3372 424 3409 fieri.
455 3373 672 3410 Maledictio
709 3382 835 3411 autem
864 3376 907 3412 fit
935 3377 1031 3413 bene
1061 3383 1097 3412 et
1124 3377 1244 3423 male,
1278 3384 1320 3413 ut
1349 3389 1393 3413 ex
1419 3386 1421 3424 ξ

333 3424 438 3462 dictis
458 3426 478 3447 ’²‘
505 3434 618 3474 patet.
666 3428 768 3475 Ergo
798 3428 950 3475 gravior
979 3437 1034 3465 est
1067 3429 1247 3466 detractio
1277 3441 1392 3478 quam
1419 3426 1421 3524 ]

332 3479 563 3516 maledictio.

386 3592 414 3624 α.)
430 3600 492 3624 par.
506 3607 524 3611 -
538 3600 592 3625 pro
612 3593 826 3622 ABCEFGIKxa,
843 3594 908 3626 par-i
926 3594 951 3619 Ι.-

475 3645 584 3670 ὃιηηιΑΕ
603 3645 703 3670 Tmou.
724 3646 755 3670 D.
774 3646 887 3671 Tamtu:
907 3646 938 3671 T.
957 3647 1000 3671 VI.

1445 2526 1750 2573 maledicentem,
1779 2536 1892 2576 prout
1919 2541 2021 2566 nunc
2040 2530 2244 2579 loquimur,
2273 2530 2435 2579 pertinet
2455 2531 2507 2567 di-

1418 2606 1419 2620 2
1446 2592 1531 2616 cere
1550 2581 1695 2617 malum
1724 2593 1893 2629 poenae,
1924 2594 2002 2619 non
2030 2591 2159 2620 autem
2190 2584 2334 2620 malum
2359 2585 2506 2632 culpae,

1417 2629 1516 2670 {nisi
1543 2633 1640 2670 forte
1675 2635 1747 2671 sub
1783 2634 1928 2671 ratione
1964 2648 2126 2683 poenae.
2175 2637 2266 2673 Non
2294 2645 2423 2674 tamen
2453 2645 2508 2673 est

1445 2686 1548 2722 idem
1577 2688 1717 2725 modus
1738 2687 1900 2725 dicendi.
1930 2689 2032 2725 Nam
2056 2689 2104 2726 ad
2131 2690 2325 2737 praedicta
2345 2698 2508 2739 quatuor

1444 2738 1536 2776 vitia
1563 2740 1724 2788 pertinet
1753 2740 1877 2777 dicere
1906 2742 2050 2778 malurn
2081 2743 2214 2790 culpae
2243 2744 2368 2779 solum
2390 2755 2507 2779 enun-

1445 2792 1598 2830 tiando:
1636 2805 1705 2842 per
1733 2794 2041 2831 maledictionem
2070 2807 2164 2831 vero
2193 2795 2328 2832 dicitur
2360 2796 2505 2832 malum

1445 2857 1595 2893 poenae
1623 2847 1686 2883 vel
1724 2847 1916 2884 causando
1953 2860 2021 2895 per
2049 2848 2210 2884 modum
2245 2848 2415 2897 imperii,
2444 2850 2507 2885 vel

1447 2898 1629 2946 optando.
1660 2900 1746 2947 Ipsa
1774 2906 1902 2936 autem
1923 2900 2127 2937 enuntiatio
2149 2902 2281 2949 culpae
2305 2910 2506 2950 peccatum

1447 2958 1503 2987 est
1530 2951 1756 2999 inquantum
1777 2952 1931 3000 aliquod
1959 2961 2234 2990 nocumentum
2264 2965 2308 2990 ex
2327 2955 2401 2991 hoc
2420 2966 2507 3002 pro-

1445 3004 1549 3041 ximo
1578 3004 1746 3041 infertur.
1791 3005 1955 3042 Gravius
1983 3013 2110 3043 autem
2141 3014 2196 3043 est
2230 3016 2506 3044 nocumentum

1419 3057 1583 3095 ,inferre
1621 3070 1738 3105 quam
1780 3067 2056 3096 nocumentum
2099 3059 2336 3107 desiderare,
2375 3060 2507 3097 ceteris

1445 3110 1612 3159 paribus.
1648 3111 1760 3148 Unde
1790 3111 1988 3158 detractio,
2018 3113 2231 3150 secundum
2261 3126 2506 3150 communem

1446 3163 1646 3211 rationem,
1676 3164 1828 3211 gravius
1857 3173 2057 3213 peccatum
2079 3174 2134 3203 est
2153 3178 2268 3215 quam
2291 3166 2523 3203 maledictio*

1447 3216 1607 3266 simplex
1637 3217 1868 3255 desiderium
1898 3219 2127 3267 exprimens.
2169 3219 2385 3256 Maledictio
2412 3231 2506 3256 vero

1447 3282 1544 3318 quae
1578 3271 1620 3307 fit
1655 3283 1725 3319 per
1753 3272 1914 3308 modum
1952 3272 2120 3320 imperii,
2152 3284 2239 3308 cum
2276 3273 2414 3308 habeat
2450 3285 2508 3309 ra-

1445 3323 1592 3360 tionem
1622 3336 1778 3371 causae,
1808 3332 1932 3373 potest
1970 3337 2051 3361 esse
2081 3325 2311 3362 detractione
2344 3325 2506 3372 gravior,

1447 3377 1476 3413 si
1497 3377 1620 3413 maius
1641 3385 1917 3414 nocumentum
1944 3377 2077 3414 inferat
2096 3390 2212 3426 quam
2234 3378 2279 3415 sit
2299 3378 2507 3425 denigratio

1446 3430 1589 3475 famae;
1617 3431 1680 3467 vel
1709 3430 1840 3477 levior,
1871 3431 1901 3467 si
1930 3430 2066 3467 minus.

1500 3484 1548 3519 Et
1576 3484 1671 3519 haec
1691 3483 1848 3532 quidem
1878 3483 2097 3531 accipienda
2125 3491 2210 3519 sunt
2230 3484 2442 3520 secundum
2463 3496 2507 3520 ea

1500 3596 1524 3629 β)
1546 3598 1698 3623 maledicus.
1708 3612 1726 3616 -—
1741 3598 1897 3623 maledictus
1914 3598 1987 3628 BEF,
2002 3598 2160 3623 maledicens
2175 3597 2293 3627 CGK1.1‹,
2307 3598 2463 3623 maledictor
2477 3599 2508 3623 A.

2337 3659 2366 3677 Η)
