2860 4244
419 297 493 333 330
1103 288 1368 336 QUAESTIO
1397 287 1536 334 XCVI,
1565 285 1860 323 ARTICULUS
1891 286 1903 320 l

854 494 1267 573 QUAESTIO
1311 489 2133 548 NONAGESIMASEXTA

835 618 917 657 DE
971 612 1548 657 SUPERSTITIONIBUS
1601 611 2168 653 OBSERVANTIARUM

1194 731 1228 756 lN
1258 729 1430 761 QUATUOR
1458 728 1660 753 ARTlCULOS
1687 728 1807 753 DlVlSA

499 841 605 866 EINDE
635 826 952 863 considerandum
984 832 1039 861 est
1066 824 1112 861 de
1146 823 1502 872 superstitionibus}
1583 820 1735 857 Tertio:
1775 821 1822 857 de
1861 821 2111 858 observantiis
2149 834 2248 870 quae
2286 822 2508 858 ordinantur
2543 820 2593 858 ad

419 840 824 921 Dobservantiarum
852 878 881 914 ³¹⁶.

180 935 298 983 {nfissdflffi
320 940 388 961 ’‘⁰¹¹''
418 936 465 972 Et
485 934 582 971 circa
608 935 682 970 hoc
711 938 943 981 quaeruntur
971 937 1144 978 quatuor.
1500 870 1502 975 i

469 988 618 1024 Primo:
658 986 704 1023 de
743 983 992 1021 observantiis
1032 983 1081 1020 ad
1117 981 1310 1019 scientiam
1349 977 1502 1055 acqui-l
1635 980 1901 1017 fortuniorum.

523 1040 694 1085 rendam,
726 1050 823 1086 quae
853 1037 1050 1074 traduntur
1079 1036 1117 1072 in
1146 1043 1224 1072 arte
1254 1034 1414 1071 notoria.
1501 1059 1502 1090 ¹

471 1092 669 1130 Secundo:
700 1091 747 1128 de
777 1089 1028 1127 observantiis
1057 1101 1156 1136 quae
1186 1088 1409 1125 ordinantur
1427 1087 1476 1123 ad
1501 1094 1503 1131 l

523 1146 649 1193 aliqua
678 1156 838 1193 corpora
866 1143 1115 1179 immutanda.
1501 1140 1503 1184 ᾗ
1638 1152 1723 1176 rum
1753 1140 1800 1176 ad
1830 1140 1981 1176 collum.

1635 899 1871 937 coniecturas
1910 900 2116 937 sumendas
2153 900 2405 937 fortuniorum
2437 901 2500 938 vel
2537 901 2592 937 in-

1583 1060 1749 1107 Quart0:
1786 1060 1832 1097 de
1871 1059 2186 1108 suspensionibus
2224 1072 2419 1097 sacrorum
2455 1060 2594 1097 verbo-

1222 1257 1539 1300 ARTICULUS
1571 1257 1777 1300 PRIMUS

843 1353 997 1384 UTRUM
1021 1352 1095 1382 UTI
1120 1349 1428 1382 OBSERVANTns
1451 1348 1578 1379 ARTIS
1600 1348 1827 1380 NOTORIAE
1851 1349 1917 1380 srr
1942 1349 2166 1380 1LL1C1TUM

449 1459 495 1489 >f-
627 1455 650 1479 D
677 1454 813 1479 patmum
841 1453 894 1477 sm
925 1451 1163 1477 PROCEDITUR.
1189 1438 1348 1475 Videtur
1372 1437 1478 1486 quod
1503 1441 1506 1477 l
1532 1445 1592 1474 tur
1629 1437 1858 1486 quibusdam
1887 1437 1935 1475 ad
1964 1437 2159 1474 scientiam
2188 1438 2460 1487 acquirendam
2496 1450 2596 1487 quae

444 1477 573 1554 {073⁴
602 1526 603 1529 ,
627 1495 680 1532 uti
717 1493 965 1532 observantiis
1003 1493 1090 1529 artis
1127 1492 1298 1529 notoriae
1327 1503 1406 1528 non
1434 1490 1479 1527 sit
1504 1485 1506 1539 i
1534 1503 1611 1527 non
1632 1491 1774 1527 habent
1793 1491 2006 1528 secundum
2025 1503 2065 1527 se
2085 1491 2264 1528 virtutem
2281 1492 2461 1529 causandi
2477 1491 2596 1529 scien—

435 1550 550 1598 'yw
576 1546 807 1590 (illicitum.
846 1545 1056 1596 Dupliciter
1086 1545 1187 1582 enim
1217 1552 1272 1582 est
1300 1543 1441 1592 aliquid
1461 1548 1479 1565 ‘²
1504 1542 1506 1575 ἱ
1533 1543 1642 1580 tiam:
1674 1543 1770 1580 sicut
1787 1543 2023 1592 inspectione
2043 1545 2283 1593 quarundam
2311 1544 2534 1592 figurarum,
2557 1551 2596 1582 et

475 1578 572 1644 ᾧ
587 1591 818 1647 illicitum:
847 1612 925 1637 uno
954 1599 1085 1646 modo,
1116 1599 1329 1635 secundum
1358 1609 1478 1645 genus
1532 1597 1744 1645 prolatione
1774 1597 2017 1645 quorundam
2055 1597 2271 1645 ignotorum
2298 1597 2528 1646 verborum,
2559 1605 2596 1635 et

421 1654 558 1702 operis,
580 1653 674 1691 sicut
701 1653 950 1691 homicidium
970 1653 1032 1689 vel
1056 1652 1215 1696 furtum;
1245 1650 1317 1687 alio
1344 1650 1476 1697 modo,
1504 1654 1506 1687 ἲ
1533 1649 1613 1686 aliis
1640 1649 1870 1686 huiusmodi.
1900 1650 1950 1686 Et
1975 1650 2064 1687 ideo
2093 1650 2315 1688 huiusmodi
2339 1663 2399 1689 ars
2418 1663 2497 1688 non
2519 1648 2596 1688 ⁴uti-

421 1719 466 1743 ex
504 1719 549 1743 eo
588 1708 692 1755 quod
731 1707 924 1744 ordinatur
961 1705 1010 1742 ad
1039 1705 1183 1741 malum
1213 1704 1352 1749 finem,
1383 1703 1478 1740 sicut
1505 1712 1506 1751 l
1533 1710 1592 1739 tur
1619 1702 1676 1739 his
1703 1710 1745 1739 ut
1774 1703 1907 1749 causis,
1938 1703 2006 1740 sed
2038 1711 2079 1747 ut
2106 1704 2231 1752 sig'nis.
2271 1705 2363 1741 Non
2396 1712 2526 1742 autem
2554 1711 2598 1755 ut

422 1772 509 1796 cum
538 1760 621 1808 quis
642 1761 704 1797 dat
729 1761 1016 1807 eleemosynam
1036 1765 1191 1806 propter
1219 1757 1370 1794 inanem
1400 1756 1478 1804 glo·
1505 1755 1506 1785 ἶ
1533 1755 1646 1805 signis
1667 1755 1845 1793 divinitus
1874 1756 2058 1803 institutis,
2079 1757 2175 1794 sicut
2194 1765 2281 1794 sunt
2307 1756 2597 1794 sacramentalia

422 1812 528 1849 riam.
569 1813 645 1850 Sed
674 1825 719 1849 ea
747 1824 845 1861 quae
874 1813 1127 1848 observantur
1156 1811 1193 1846 in
1223 1817 1300 1847 arte
1330 1809 1480 1846 notoria
1505 1817 1506 1860 ζ
1533 1809 1648 1856 signa.
1679 1809 1790 1846 Unde
1820 1809 2040 1857 relinquitur
2062 1811 2167 1859 quod
2191 1810 2264 1847 sint
2292 1821 2531 1859 supervacua
2551 1809 2598 1847 si-

422 1865 632 1902 secundum
671 1878 788 1913 genus
824 1865 948 1913 operis
986 1876 1064 1900 non
1093 1871 1178 1900 sunt
1216 1862 1359 1899 illicita:
1394 1869 1479 1899 sunt
1505 1865 1507 1885 ³
1532 1874 1621 1909 gna:
1644 1869 1679 1898 et
1698 1874 1766 1910 per
1786 1874 2026 1911 consequens
2044 1863 2270 1911 pertinentia
2287 1864 2340 1900 ad
2349 1869 2465 1913 pacta
2484 1874 2622 1912 quaes·

423 1918 523 1955 enim
562 1919 749 1966 quaedam
788 1918 926 1954 ieiunia
960 1925 995 1953 et
1033 1916 1222 1953 orationes
1261 1916 1307 1952 ad
1336 1916 1476 1951 Deum.
1506 1951 1507 1954 ,
1534 1915 1621 1952 dam
1647 1915 1966 1964 significationum
1994 1927 2080 1952 cum
2109 1917 2353 1954 daemonibus
2371 1916 2515 1965 placita
2543 1921 2599 1955 at-

423 1971 656 2008 Ordinantur
684 1971 795 2008 etiam
830 1971 878 2007 ad
907 1971 1053 2007 bonum
1091 1970 1228 2006 finem:
1259 1968 1398 2006 scilicet
1430 1968 1478 2005 ad
1506 1966 1507 2004 l
1533 1979 1604 2016 que
1626 1968 1824 2015 foederata
1852 1968 1883 2005 ²¹².
1914 1969 1963 2005 Et
1990 1968 2078 2006 ideo
2107 1982 2168 2006 ars
2197 1969 2347 2006 notoria
2367 1970 2518 2018 penitus
2542 1976 2600 2009 est
2625 1975 2636 1987 ⁴

423 2024 613 2061 scientiam
642 2024 926 2073 acquirendam.
957 2024 1058 2070 Ergo
1088 2022 1142 2059 uti
1161 2021 1382 2059 huiusmodi
1412 2022 1480 2058 ob-
1506 2024 1507 2030 ’
1533 2021 1765 2069 repudianda
1793 2027 1829 2057 et
1843 2022 2036 2071 fugienda
2065 2023 2289 2068 Christiano,
2314 2022 2411 2060 sieut
2439 2030 2476 2060 et
2503 2021 2599 2060 aliae

423 2077 699 2114 servationibus
729 2089 806 2114 non
836 2084 891 2113 est
918 2076 1099 2112 illicitum.
1506 2069 1507 2108 l
1533 2079 1632 2111 artes
1652 2074 1877 2124 nugatoriae
1895 2074 1955 2111 vel
1982 2076 2122 2112 noxiae
2138 2075 2428 2125 superstitionis:
2454 2082 2497 2112 ut
2519 2076 2599 2112 Au-

187 2134 197 2142 *
212 2132 277 2154 Vm·
293 2138 322 2159 ¹⁷·
476 2142 511 2166 2.
533 2131 765 2176 PRAETEREA,
788 2131 884 2166 Dan.
907 2141 916 2166 1
935 2129 955 2150 ‘¹‘
974 2128 1106 2176 legitur
1125 2129 1229 2175 quod
1250 2127 1376 2176 pueris
1395 2127 1479 2163 abs·
1506 2137 1507 2180 1
1534 2127 1705 2175 gustinus
1734 2127 1833 2173 dicit,
1863 2127 1900 2163 in
1933 2129 1962 2164 11
1993 2128 2039 2164 de
2066 2130 2174 2166 Doct.
2210 2129 2344 2166 Christ.
2364 2128 2385 2151 '¹‘

422 2182 624 2220 tinentibus
653 2184 750 2220 dedit
768 2184 871 2219 Deus
896 2182 1089 2218 scientiam
1118 2187 1154 2217 et
1179 2180 1413 2228 disciplinam
1442 2180 1479 2216 in
1506 2182 1507 2212 l
1589 2180 1656 2218 Est
1685 2180 1796 2217 etiarn
1830 2180 2051 2218 huiusmodi
2088 2194 2147 2218 ars
2185 2181 2360 2219 inefficax
2397 2182 2446 2219 ad
2479 2180 2599 2220 scien-

423 2237 527 2272 omni
552 2236 646 2273 libro
676 2242 710 2272 et
740 2236 932 2284 sapientia.
974 2235 1051 2271 Sed
1090 2233 1354 2271 observantiae
1393 2233 1481 2269 artis
1506 2242 1508 2260 ²
1534 2233 1624 2269 tiam
1662 2233 1945 2282 acquirendam.
1989 2234 2090 2272 Cum
2130 2235 2232 2272 enim
2269 2247 2338 2284 per
2378 2233 2600 2273 huiusmodi

424 2289 593 2326 notoriae
623 2297 709 2326 sunt
737 2289 947 2325 secundum
977 2288 1103 2335 aliqua
1132 2286 1271 2323 ieiunia
1306 2294 1342 2323 et
1369 2285 1480 2323 absti-
1506 2286 1508 2293 ’
1535 2294 1655 2323 artem
1697 2299 1775 2323 non
1817 2286 2034 2325 intendatur
2071 2288 2269 2336 acquisitio
2312 2287 2490 2326 scientiae
2531 2299 2601 2338 per

425 2342 569 2378 nentias
599 2343 796 2390 quasdam.
835 2342 937 2389 Ergo
974 2341 1124 2377 videtur
1161 2340 1266 2387 quod
1305 2339 1481 2376 divinitus
1535 2339 1697 2376 modum
1735 2340 1884 2376 homini
1920 2342 2226 2388 connaturalem,
2266 2341 2406 2378 scilicet
2442 2340 2599 2378 adinve-

394 2428 396 2430 ,
425 2394 600 2431 sortiatur
636 2407 695 2431 ars
731 2395 792 2431 illa
830 2394 1020 2430 effectum.
1060 2394 1151 2429 Non
1187 2405 1276 2440 ergo
1314 2392 1480 2429 illicitum
1507 2394 1509 2444 ξ
1536 2392 1677 2429 niendo
1706 2393 1768 2429 vel
1797 2393 2044 2442 addiscendo,
2066 2406 2306 2444 consequens
2331 2404 2389 2431 est
2408 2394 2512 2443 quod
2531 2393 2600 2438 iste

427 2455 481 2484 est
509 2459 553 2483 ea
579 2447 644 2484 uti.
1128 2444 1134 2449 ’
1508 2468 1509 2487 ÷
1537 2445 1692 2482 effectus
1721 2447 1783 2482 vel
1822 2454 2039 2495 expectetur
2066 2460 2089 2484 a
2117 2449 2221 2494 Deo,
2260 2448 2323 2484 vel
2351 2459 2374 2484 a
2402 2447 2601 2487 daemoni*

481 2501 515 2536 3.
543 2501 782 2546 PRAETEREA,
812 2499 898 2535 ideo
936 2499 1085 2535 videtur
1115 2510 1195 2534 esse
1225 2497 1480 2534 inordinatum
1508 2496 1510 2523 l
1537 2499 1618 2535 bus.
1657 2499 1814 2535 Certum
1850 2507 1905 2536 est
1937 2507 2065 2537 autem
2103 2500 2250 2550 aliquos
2279 2512 2302 2537 a
2329 2501 2414 2537 Deo
2453 2499 2601 2550 sapien-

427 2565 449 2589 a
478 2553 729 2589 daemonibus
757 2551 944 2600 inquirere
975 2551 1021 2587 de
1050 2550 1181 2587 futuris
1209 2550 1299 2598 quia
1328 2563 1372 2587 ea
1404 2562 1483 2586 non
1509 2582 1511 2595 ³
1536 2551 1627 2587 tiam
1648 2558 1684 2587 et
1703 2551 1898 2588 scientiam
1928 2565 1996 2600 per
2015 2553 2245 2590 infusionem
2274 2553 2474 2591 habuisse:
2505 2553 2601 2591 sicut

428 2613 671 2653 cognoscunt,
702 2605 768 2642 sed
791 2605 865 2641 hoc
886 2612 940 2640 est
960 2604 1155 2652 proprium
1177 2603 1260 2649 Dei,
1282 2610 1321 2639 ut
1341 2603 1482 2639 dictum
1509 2598 1511 2624 ³
1538 2604 1584 2640 de
1607 2604 1814 2640 Salomone
1835 2605 1978 2652 legitur,
1997 2607 2158 2656 111Reg.
2177 2619 2212 2643 111
2226 2606 2257 2652 *,
2275 2614 2311 2642 et
2326 2608 2357 2642 11
2373 2606 2501 2644 Paral.
2517 2618 2528 2644 1
2546 2606 2599 2644 ’ἦ

191 2660 400 2686 Ὠ“-“ε”·““·“·
428 2666 484 2694 est
501 2658 532 2695 ²¹².
564 2658 638 2695 Sed
657 2657 832 2694 veritates
853 2656 1093 2693 scientiarum
1115 2657 1327 2692 daemones
1348 2655 1482 2692 sciunt:
1510 2678 1511 2699 2
1538 2657 1728 2693 Dominus
1758 2657 1871 2694 etiam
1901 2658 2091 2707 discipulis
2120 2659 2197 2696 suis
2226 2659 2326 2706 dicit,
2357 2660 2450 2696 Luc.
2479 2671 2540 2697 xxi
2557 2659 2600 2697 ¹¹:
2627 2664 2638 2675 ⁸

429 2711 516 2759 quia
544 2710 718 2747 scientiae
748 2718 834 2747 sunt
862 2711 908 2748 de
937 2710 994 2746 his
1023 2721 1120 2758 quae
1159 2716 1244 2745 sunt
1273 2721 1318 2745 ex
1356 2721 1484 2745 neces·
1510 2711 1511 2735 l
1537 2710 1624 2759 Ego
1647 2710 1744 2747 dabo
1763 2711 1867 2747 vobis
1886 2723 1927 2748 os
1946 2717 1981 2748 et
1997 2713 2230 2760 sapientiam,
2251 2713 2314 2749 cui
2331 2724 2405 2749 non
2424 2711 2605 2761 poterunt

429 2764 534 2800 sitate
564 2771 599 2800 et
626 2775 794 2812 semper,
835 2775 932 2811 quae
973 2762 1168 2798 subiacent
1203 2762 1393 2798 humanae
1423 2774 1485 2797 co·
1510 2764 1512 2794 ὲ
1539 2763 1707 2799 resistere
1735 2769 1769 2799 et
1796 2764 2052 2802 contradicere
2078 2778 2207 2803 omnes
2235 2765 2448 2803 adversarii
2475 2766 2601 2805 vestri,

429 2817 602 2864 gnitioni,
638 2824 673 2853 et
708 2817 827 2852 multo
865 2815 983 2863 magis
1022 2815 1276 2860 daemonum,
1307 2814 1371 2863 qui
1399 2822 1485 2851 sunt
1511 2858 1512 2861 Ἰ
1541 2816 1617 2852 Sed
1645 2816 1719 2852 hoc
1748 2816 1894 2854 donum
1932 2830 2009 2854 non
2045 2818 2155 2855 datur
2183 2818 2509 2868 quibuscumque,
2538 2826 2622 2857 aut.

194 2874 402 2928 isssefffssafflffii}
429 2869 743 2918 perspicaciores,
772 2876 814 2905 ut
839 2867 1072 2916 Augustinus
1112 2867 1198 2904 dicit
1216 2867 1246 2904 ³¹⁸.
1277 2868 1378 2915 Ergo
1407 2880 1485 2904 non
1510 2869 1512 2894 ἶ
1541 2881 1629 2906 eum
1659 2876 1759 2906 certa
1779 2870 2059 2918 observatione,
2081 2872 2147 2909 sed
2168 2872 2381 2909 secundum
2407 2871 2603 2910 arbitrium

194 2927 402 2981 ssgssvgggtfflqe·
429 2922 578 2959 videtur
607 2934 687 2958 esse
715 2929 914 2970 peccatum
943 2920 997 2958 uti
1025 2928 1102 2957 arte
1131 2921 1292 2967 notoria,
1314 2921 1426 2957 etiam
1456 2920 1486 2957 si
1541 2921 1700 2970 Spiritus
1730 2923 1878 2960 Sancti:
1908 2924 2119 2961 secundum
2149 2925 2240 2962 illud
2270 2925 2356 2962 lad
2387 2926 2475 2963 Cor.
2499 2924 2605 2963 x11*2·
2631 2934 2640 2945 ·

431 2987 498 3023 per
527 2976 733 3012 daemones
762 2974 933 3011 sortiatur
962 2973 1152 3010 effectum.
1512 2978 1513 2988 ¹
1540 2974 1618 3011 Alii
1644 2975 1791 3023 quidem
1816 2977 1928 3013 datur
1939 2989 2013 3025 per
2041 2978 2219 3026 Spiritum
2246 2989 2371 3015 sermo
2389 2974 2603 3029 sapientiae,

487 3028 559 3064 SED
597 3039 742 3064 CONTRA
778 3039 844 3064 EST
881 3027 986 3075 quod
1025 3027 1158 3063 dicitur
1196 3027 1304 3062 Deut.
1334 3037 1418 3062 xvm
1448 3026 1486 3062 *τ
1513 3068 1514 3077 2
1541 3027 1608 3064 alii
1632 3040 1756 3065 sermo
1783 3029 1958 3067 scientiae
1983 3031 2188 3068 secundum
2216 3032 2375 3069 eundem
2403 3031 2605 3080 Spiritum

433 3080 522 3116 Non
552 3080 762 3116 inveniatur
789 3080 825 3116 in
855 3085 888 3116 te
916 3080 980 3138 qui
1006 3085 1164 3127 quaerat
1191 3091 1214 3115 a
1243 3079 1399 3116 mortuis
1426 3090 1487 3116 ve-
1514 3119 1516 3127 .
1543 3088 1578 3117 et
1605 3081 1773 3129 postea*
1793 3082 1982 3120 subditur:
2011 3084 2124 3121 Haec
2150 3085 2278 3122 omnia
2303 3090 2482 3134 operatur
2509 3096 2606 3122 unus
2633 3099 2643 3110 ·

434 3133 600 3168 ritatem.-
629 3145 726 3181 quae
755 3132 910 3180 quidem
938 3132 1124 3180 inquisitio
1154 3131 1319 3168 innititur
1351 3131 1488 3168 auxilio
1515 3166 1517 3179 ,
1543 3139 1654 3182 atque
1682 3135 1779 3171 idem
1808 3136 1977 3184 Spiritus,
2006 3137 2174 3174 dividens
2191 3137 2350 3188 singulis
2369 3142 2489 3186 prout
2514 3137 2603 3176 vult.

436 3185 681 3222 daemonum.
717 3185 794 3221 Sed
821 3196 888 3232 per
916 3185 1177 3221 observantias
1206 3185 1290 3220 artis
1318 3185 1490 3221 notoriae
1603 3187 1659 3224 Ad
1688 3187 1898 3226 daemones
1927 3197 2055 3226 autem
2093 3202 2173 3227 non
2201 3190 2363 3239 pertinet
2394 3190 2606 3229 illuminare

436 3237 631 3286 inquiritur
668 3236 831 3284 cognitio
867 3237 1032 3273 veritatis
1069 3250 1137 3285 per
1169 3237 1353 3285 quaedam
1376 3243 1490 3285 pacta
1517 3271 1519 3290 a
1545 3239 1796 3277 intellectum:
1825 3249 1867 3277 ut
1894 3242 2066 3279 habiturn
2087 3250 2143 3279 est
2160 3243 2198 3280 in
2226 3243 2355 3280 Prima
2379 3244 2497 3281 huius*
2514 3242 2607 3293 opse-
2636 3268 2638 3271 v

200 3293 408 3342 ᾈοξξςῇῥζξῇἦζῗ
435 3291 749 3339 significationum
778 3301 862 3326 cum
883 3290 1126 3326 daemonibus
1145 3289 1233 3325 inita
1252 3289 1282 3325 ³¹².
1314 3290 1415 3336 Ergo
1439 3289 1492 3326 uti
1518 3296 1520 3338 ξ
1546 3291 1595 3327 ris
1631 3292 1742 3329 Parte
1777 3294 1807 3330 *.
1844 3295 2054 3342 Acquisitio
2093 3303 2221 3333 autern
2260 3296 2439 3334 scientiae
2476 3303 2514 3333 et
2549 3307 2607 3333 sa-
2633 3305 2646 3318 ⁸

200 3346 229 3372 Η,
241 3352 291 3373 0⁸1³·
301 3353 337 3367 ¹¹·
437 3351 514 3379 arte
543 3342 689 3379 notoria
718 3355 795 3379 non
825 3350 879 3379 est
907 3342 1061 3378 licitum.
1519 3341 1520 3361 ³
1546 3344 1709 3392 pientiae
1729 3346 1771 3382 fit
1790 3358 1857 3394 per
1876 3347 2190 3386 illuminationem
2210 3349 2429 3387 intellectus.
2451 3349 2501 3386 Et
2519 3348 2606 3386 ideo

490 3397 713 3432 Rssspomn-:o
742 3407 926 3433 DicENDUM
955 3395 1061 3442 quod
1090 3407 1149 3431 ars
1188 3394 1335 3430 notoria
1366 3403 1401 3431 et
1429 3395 1493 3431 illi·
1548 3398 1671 3434 nullus
1700 3411 1871 3446 unquam
1899 3413 1968 3449 per
2005 3402 2213 3439 daemones
2251 3402 2446 3440 scientiam
2481 3401 2607 3450 acqui·

439 3448 508 3484 cita
535 3456 599 3495 est,
622 3456 656 3484 et
684 3448 868 3485 inefficax.
899 3448 1025 3484 Illicita
1046 3446 1201 3496 quidem
1223 3455 1288 3494 est,
1310 3447 1397 3496 quia
1425 3448 1494 3484 uti-
1549 3450 1644 3487 sivit.
1675 3452 1786 3489 Unde
1805 3454 2037 3501 Augustinus
2067 3455 2166 3502 dicit,
2196 3455 2234 3492 in
2253 3456 2289 3492 X
2316 3455 2362 3492 de
2380 3455 2459 3492 Civ.
2485 3454 2559 3492 Dei
2575 3453 2606 3501 ⁸²,

494 3580 520 3612 α)
540 3584 579 3605 est
597 3580 737 3612 aliquid.-
754 3580 856 3612 aliquid
874 3580 973 3606 dicitur
991 3579 1022 3605 P.

2628 2609 2817 2663 avrti-„¹:2¹2

2651 2662 2720 2686 Vm.
2735 2668 2764 2691 ¹⁵·

2657 3097 2725 3120 Vero.
2742 3102 2768 3120 n.
2818 3119 2819 3122 ,

2655 3305 2704 3334 Qu.
2713 3310 2760 3330 cix,

2634 3459 2764 3488 ’Cup-tx-
2804 3463 2806 3465 ’
