2860 4244
292 321 449 368 iustitia,
488 321 547 358 cui
583 322 782 371 specialius
814 322 966 360 videtur
1002 323 1166 371 opponi,
1201 335 1353 372 semper

293 374 446 424 requirit
475 374 642 423 aliquem
670 383 813 422 actum,
843 375 957 412 etiam
985 374 1024 411 in
1052 375 1302 413 declinatione
1331 389 1353 413 a

293 428 407 475 malo,
427 434 469 464 ut
488 427 632 465 dictum
657 436 712 465 est
729 428 770 465 *t
792 428 946 465 omissio
972 435 1099 464 autem
1118 436 1242 477 potest
1270 441 1352 466 esse

292 481 439 530 absque
477 480 582 517 omni
610 487 708 518 actu.
746 482 849 529 Ergo
878 480 1034 518 omissio
1070 493 1147 518 non
1182 489 1238 518 est
1269 494 1353 531 spe-

294 533 387 570 ciale
414 540 628 582 peccatum.

326 586 422 623 'sno
447 597 594 623 coum
616 597 683 622 EST
710 585 817 633 quod
842 585 975 622 dicitur
1003 587 1076 622 Iac.
1099 598 1134 622 ιν
1151 586 1187 622 *ε
1218 587 1356 623 Scienti

294 639 434 676 bonum
462 643 499 674 et
523 650 598 675 non
620 638 789 684 facienti,
813 643 1012 686 peccatum
1040 644 1094 675 est
1120 638 1183 676 illi.

347 692 575 728 Rssspommo
612 701 798 727 DlCENDUM
835 692 940 739 quod
981 691 1138 728 omissio
1175 692 1356 740 importat

292 743 665 792 praetermissionem
694 742 799 791 boni,
819 755 899 780 non
917 751 1046 781 autem
1067 744 1352 792 cuiuscumque,

293 797 363 834 sed
387 795 480 832 boni
498 795 626 833 debiti.
656 796 810 833 Bonum
835 803 962 833 autem
981 797 1051 834 sub
1071 797 1215 834 ratione
1239 796 1356 834 debiti

293 848 455 898 pertinet
471 848 626 897 proprie
646 848 695 885 ad
713 848 909 886 iustitiam:
939 851 987 888 ad
1006 850 1166 898 legalem
1186 849 1354 897 quidem,

294 901 326 938 si
354 901 524 938 debitum
553 901 758 950 accipiatur
790 902 829 939 in
857 902 991 939 ordine
1023 903 1072 940 ad
1104 903 1227 950 legem
1262 901 1356 939 divi-

293 966 385 992 nam
411 955 475 992 vel
507 955 740 1001 humanam3
769 955 818 992 ad
852 954 1055 1004 specialem
1088 962 1216 991 autem
1254 954 1356 991 iusti-

293 1006 408 1055 tiam,
437 1008 651 1045 secundum
680 1007 786 1056 quod
821 1007 992 1045 debitum
1025 1007 1285 1044 consideratur
1316 1007 1355 1044 in

62 1100 65 1106 X
294 1059 428 1097 ordine
448 1061 496 1098 ad
514 1060 747 1109 proximum.
777 1060 887 1097 Unde
908 1072 955 1096 eo
975 1059 1094 1096 modo
1118 1072 1195 1108 quo
1220 1059 1356 1096 iustitia

66 1112 69 1113 ⁷
125 1121 268 1147 mmm-7·
296 1121 351 1150 est
378 1111 551 1162 sPecialis
577 1113 720 1163 virtus,
747 1119 789 1148 ut
820 1124 934 1161 supra
955 1111 975 1134 *
1007 1112 1180 1149 habitum
1214 1120 1290 1159 est,
1320 1120 1357 1150 et

295 1165 450 1203 omissio
479 1164 536 1203 est
563 1166 727 1214 speciale
739 1172 945 1213 ‘peccatum
974 1164 1191 1202 distinctum
1220 1178 1242 1202 a
1269 1178 1357 1214 pec-

295 1218 386 1256 catis
420 1230 519 1267 quae
547 1225 796 1267 opponuntur
823 1217 903 1254 aliis
930 1217 1144 1255 virtutibus.
1174 1218 1233 1254 Eo
1261 1231 1355 1255 vero

293 1270 413 1310 modo
442 1283 520 1319 quo
545 1271 669 1308 facere
698 1271 858 1318 bonum,
880 1270 939 1307 cui
954 1270 1166 1330 ‚opponitur
1185 1271 1354 1319 omissio,

293 1331 350 1362 est
369 1323 560 1372 quaedam
581 1323 753 1383 specialis
771 1335 860 1372 pars
878 1323 1038 1361 iustitiae
1060 1323 1230 1361 distincta
1250 1336 1273 1360 a
1292 1325 1357 1362 de-

293 1376 506 1431 clinatione
522 1377 626 1424 mali,
648 1376 708 1414 cui
730 1376 937 1436 opponitur
964 1377 1222 1425 transgressio,
1243 1377 1355 1414 etiam

267 1426 450 1468 ·offiissio
480 1442 503 1466 a
529 1430 828 1478 transgressione
857 1429 1105 1477 distinguitur.

345 1484 405 1520 An
432 1494 571 1520 PR1MUM
605 1494 705 1520 ERGO
736 1494 923 1520 meENDUM
951 1483 1056 1530 quod
1089 1481 1243 1519 omissio
1277 1495 1356 1520 non

294 1543 350 1574 est
380 1543 583 1585 peccatum
616 1535 818 1584 originale,
852 1535 919 1572 sed
954 1535 1118 1571 actuale:
1156 1546 1235 1571 non
1268 1536 1356 1584 quia

150 1582 170 1611 Υ
292 1589 432 1627 habeat
450 1594 466 1617 Υ
485 1588 653 1638 aliquem
674 1596 803 1625 actum
823 1587 894 1624 sibi
914 1587 1171 1633 essentialem;
1202 1588 1270 1625 sed
1298 1601 1354 1625 se-

293 1642 465 1679 cundum
493 1641 600 1690 quod
626 1641 777 1689 negatio
807 1648 912 1677 actus
941 1640 1133 1677 reducitur
1160 1640 1209 1677 ad
1237 1653 1356 1689 genus

293 1701 409 1732 actus.
443 1695 493 1732 Et
520 1693 733 1731 secundum
760 1694 836 1731 hoc
864 1705 942 1730 non
971 1705 1082 1741 agere
1110 1693 1289 1742 accipitur
1315 1702 1357 1731 ut

259 1766 266 1779 ‚
292 1759 404 1796 agere
432 1747 642 1797 quoddam,
672 1747 767 1783 sicut
795 1758 910 1795 supra
929 1745 949 1768 ’¹‘
978 1746 1122 1783 dictum
1151 1754 1217 1784 est.

344 1802 405 1838 An
423 1812 616 1838 SECUNDUM
643 1811 830 1837 mCENDUM
849 1799 954 1848 quod
983 1799 1152 1846 omissio,
1178 1800 1274 1836 sicut
1302 1799 1356 1836 di-

293 1860 396 1891 ctum
432 1861 489 1890 est
509 1852 550 1900 *,
579 1865 658 1890 non
693 1860 749 1889 est
780 1852 850 1889 nisi
882 1852 974 1889 boni
1008 1852 1140 1899 debiti,
1171 1854 1218 1890 ad
1251 1853 1356 1902 quod

292 1906 428 1956 aliquis
456 1913 615 1943 tenetur.
645 1906 784 1943 Nullus
807 1913 933 1942 autem
962 1912 1110 1942 tenetur
1137 1906 1186 1942 ad
1214 1906 1357 1954 impos-

291 1959 411 1997 sibile.
446 1958 558 1996 Unde
587 1959 723 2006 nullus,
753 1958 784 1996 si
812 1971 891 1995 non
919 1958 1005 1995 facit
1031 1958 1069 1996 id
1098 1958 1204 2007 quod
1233 1959 1356 1996 facere

293 2024 372 2050 non
398 2019 534 2060 potest,
563 2019 698 2060 peccat
723 2024 793 2060 per
820 2011 1080 2049 omissionem.
1110 2011 1248 2048 Mulier
1267 2024 1356 2060 ergo

293 2072 470 2113 corrupta
494 2076 593 2113 quae
616 2064 869 2112 virginitatem
888 2064 1008 2111 vovit,
1029 2077 1107 2101 non
1127 2064 1265 2101 omittit
1282 2065 1356 2103 vir-

292 2117 486 2166 ginitatem
515 2130 594 2154 non
621 2117 815 2164 habendo,
845 2117 913 2155 sed
941 2130 1020 2154 non
1047 2117 1280 2166 poenitendo
1309 2118 1357 2155 de

291 2178 451 2220 peccato
476 2170 693 2219 praeterito,
714 2171 777 2207 vel
796 2183 876 2207 non
895 2170 1070 2207 faciendo
1100 2171 1206 2218 quod
1234 2178 1359 2220 potest

293 2223 342 2261 ad
370 2231 504 2260 votum
533 2223 821 2271 adimplendum
849 2236 920 2272 per
949 2223 1202 2260 continentiae
1231 2225 1360 2261 obser-

291 2276 476 2314 vantiam.
507 2276 695 2313 Sacerdos
719 2275 832 2313 etiam
858 2289 938 2313 non
958 2283 1106 2313 tenetur
1125 2276 1249 2314 dicere
1271 2277 1359 2314 mis-

293 2341 376 2367 sam
403 2329 473 2366 nisi
502 2329 698 2378 supposita
726 2329 852 2366 debita
881 2329 1182 2378 opportunitate:
1212 2342 1310 2378 quae
1330 2329 1360 2367 si

57 438 68 448 ·
81 437 164 462 And.
175 434 204 457 ad
218 440 240 457 a.

38 577 69 603 λ·
81 589 147 611 ven.
161 594 193 616 17.

68 1753 258 1807 Q’aetfm

345 2468 372 2502 γ)
391 2467 496 2493 habeat.
508 2482 528 2488 -
546 2469 625 2493 habet
642 2469 671 2493 P.

346 2503 372 2536 δ)
392 2503 476 2529 debet.
490 2516 508 2522 -
526 2507 633 2536 oportet
651 2504 699 2528 Pa.

293 2554 295 2557 »
350 2539 372 2572 ε)
392 2539 502 2564 omittit.
514 2552 534 2558 -
551 2539 624 2572 quod
642 2539 719 2564 debet
738 2539 835 2564 addunt
854 2539 902 2564 Pa.

295 2706 344 2769 IN
359 2696 491 2727 articulo
510 2696 602 2728 tertio
620 2697 763 2727 eiusdem
779 2697 974 2738 quaestionis
991 2697 1357 2748 septuagesimaenonae,

326 2746 402 2771 nota
424 2740 540 2780 primo,
564 2750 601 2771 ex
620 2751 754 2781 corpore
770 2741 891 2772 articuli
916 2749 947 2772 et
969 2742 1177 2782 responsione
1201 2742 1241 2772 ad
1264 2751 1357 2782 quar-

56 2809 74 2822 .,
293 2790 374 2820 tum,
399 2785 488 2824 quod
511 2785 644 2815 omissio
667 2792 773 2825 potest
792 2785 876 2816 sumi
900 2785 1076 2826 dupliciter,
1101 2786 1218 2817 scilicet
1241 2786 1357 2816 forma-

54 2828 253 2860 Μνῐωαά-
293 2828 364 2859 liter
387 2835 418 2858 et
440 2828 655 2865 materialiter,
679 2829 761 2860 sicut
788 2830 827 2860 de
850 2830 1097 2869 transgressione
1125 2830 1246 2861 dictum
1270 2830 1356 2860 est*-

293 2873 335 2903 Et
358 2872 447 2912 quod
471 2872 603 2902 omissio
625 2872 800 2904 formaliter
821 2873 973 2914 importat
996 2884 1063 2904 non
1083 2884 1173 2914 agere
1197 2874 1356 2904 debitum:

293 2917 337 2947 ita
363 2916 453 2957 quod
480 2916 559 2947 ratio
590 2916 686 2947 debiti
715 2917 890 2948 formaliter
913 2917 995 2948 cadit
1022 2918 1055 2947 in
1079 2918 1201 2948 ratione
1231 2917 1358 2948 formali

294 2960 478 2991 omissionis
508 2967 544 2991 ut
573 2967 619 2991 est
647 2960 780 3000 speciale
808 2968 991 3001 peccatum,
1021 2961 1083 2992 hoc
1110 2969 1156 2992 est
1185 2961 1358 2991 formaliter

294 3011 450 3045 sumptae.
474 3004 516 3035 Et
534 3004 610 3045 quia
625 3005 705 3035 ratio
726 3005 822 3036 debiti
842 3006 880 3035 ad
901 3006 1004 3036 solam
1019 3005 1172 3036 iustitiam
1186 3005 1267 3036 inter
1283 3005 1358 3035 alias

293 3049 425 3079 virtutes
441 3055 569 3089 spectat.
583 3055 618 3079 ut
634 3049 879 3089 inpraecedenti
894 3050 1002 3086 Libro,
1012 3060 1065 3090 qu.
1075 3060 1156 3086 xcnr,
1170 3056 1226 3080 art.
1238 3050 1266 3086 5,
1278 3050 1317 3079 ad
1331 3060 1356 3085 1,

293 3093 439 3124 habitum
464 3099 524 3129 est;
555 3092 628 3124 ideo
653 3093 785 3124 omissio
813 3093 989 3125 formaliter
1011 3101 1058 3124 est
1087 3100 1253 3134 peccatum
1275 3093 1357 3123 iniu-

294 3137 406 3173 stitiae,
423 3137 473 3167 vel
495 3137 649 3177 generalis
668 3147 724 3168 seu
739 3137 857 3178 legalis,
874 3138 926 3168 vel
944 3137 1096 3179 specialis,
1111 3138 1162 3168 vel
1182 3138 1357 3178 utriusque,

294 3187 330 3212 ut
349 3181 428 3212 ratio
455 3181 550 3212 debiti
570 3182 717 3213 occurrit.
750 3182 952 3213 Materialiter
977 3189 1085 3213 autem
1114 3189 1243 3222 sumpta
1263 3181 1357 3212 omis-

295 3225 343 3256 sio
359 3226 511 3266 importat
526 3235 593 3256 non
607 3236 698 3266 agere
712 3226 746 3256 id
769 3226 858 3267 quod
881 3233 928 3257 est
950 3226 1104 3257 debitum.
1128 3226 1169 3257 Et
1191 3233 1358 3267 propterea

295 3269 428 3300 omissio
457 3269 659 3301 materialiter
686 3270 846 3301 invenitur
868 3270 901 3301 in
924 3271 1065 3311 qualibet
1088 3270 1191 3311 specie
1214 3270 1357 3306 virtutis,

295 3324 354 3354 pro
383 3321 504 3355 quanto
535 3314 702 3355 quodlibet
727 3315 852 3345 bonum
874 3314 997 3346 virtutis
1025 3314 1129 3346 omitti
1153 3321 1271 3355 potest:
1303 3315 1357 3344 sed

296 3357 470 3389 formaliter
493 3368 558 3389 non
582 3358 702 3390 omittit
731 3358 792 3389 nisi
821 3358 893 3399 quis
917 3366 952 3390 ut
979 3359 1123 3390 debitum
1146 3358 1281 3390 omittat.
1314 3359 1359 3389 Ita

940 244 1205 291 QUAESTIO
1235 245 1411 294 LXXIX,
1438 245 1735 283 ARTICULUS
1765 246 1814 282 111

2390 258 2456 294 171

1404 326 1510 372 desit,
1540 337 1619 362 non
1647 324 1794 361 omittit.
1825 324 1874 360 Et
1902 322 2070 361 similiter
2097 322 2230 371 aliquis
2249 329 2396 359 tenetur
2415 323 2464 360 ad

1405 377 1689 424 restitutionem,
1719 375 1915 426 supposita
1949 377 2144 413 facultate:
2173 387 2290 424 quam
2327 375 2358 412 si
2385 387 2464 412 non

1404 432 1519 468 habet
1546 443 1617 467 nec
1644 430 1786 467 habere
1813 436 1948 478 potest,
1973 441 2053 466 non
2071 428 2218 476 omittit,
2249 428 2463 465 dummodo

1406 484 1514 520 faciat
1550 483 1654 531 quod
1690 490 1826 532 potest.
1869 483 1918 519 Et
1954 482 2058 519 idem
2095 481 2300 518 dicendum
2337 488 2392 517 est
2426 481 2465 517 in

1406 536 1499 573 aliis.

1459 590 1517 624 An
1559 600 1718 625 Tam-mm
1758 599 1942 625 monimum
1983 586 2089 636 quod
2130 586 2226 623 sicut
2263 593 2465 635 peccatum

1405 640 1711 688 transgressionis
1757 640 1961 689 opponitur
2006 638 2215 688 praeceptis
2260 638 2465 687 negativis,

1406 705 1504 742 quae
1532 693 1719 741 pertinent
1746 693 1794 729 ad
1824 693 2091 730 declinandum
2120 704 2143 728 a
2160 692 2274 739 malo,
2300 691 2352 728 ita
2378 704 2466 740 pec-

1406 753 1532 782 catum
1561 745 1775 782 omissionis
1804 745 2008 794 opponitur
2035 744 2247 794 praeceptis
2271 744 2466 781 affirmati-

1407 798 1477 845 vis,
1503 810 1601 846 quae
1629 797 1816 846 pertinent
1844 797 1892 835 ad
1920 798 2137 834 faciendum
2165 798 2324 834 bonum.
2353 798 2467 834 Prae-

1408 858 1517 899 cepta
1536 858 1663 887 autem
1683 850 1910 887 affirmativa
1930 863 2009 887 non
2031 850 2198 898 obligant
2225 850 2274 887 ad
2302 862 2465 899 semper,

1408 903 1476 940 sed
1504 903 1552 940 ad
1581 910 1732 951 tempus
1760 902 2065 939 determinatum.
2103 903 2152 939 Et
2183 915 2253 951 pro
2281 903 2344 939 illo
2372 911 2468 940 tem-

1406 968 1502 1004 pore
1529 962 1728 1004 peccatum
1759 955 1974 991 omissionis
2002 955 2130 1004 incipit
2158 967 2251 992 esse.

1460 1009 1590 1045 Potest
1617 1015 1747 1045 tamen
1775 1007 1991 1055 contingere
2020 1008 2124 1056 quod
2153 1008 2287 1056 aliquis
2314 1015 2405 1044 tunc
2423 1008 2469 1044 sit

1407 1061 1599 1110 impotens
1627 1061 1676 1098 ad
1704 1060 1921 1097 faciendum
1940 1060 2046 1108 quod
2065 1060 2178 1097 debet
2196 1058 2220 1097 δ.
2251 1060 2367 1106 Quod
2387 1060 2468 1108 qui-

1409 1114 1498 1151 dem
1519 1114 1549 1151 si
1569 1114 1614 1151 sit
1627 1120 1775 1162 praeter
1789 1113 1870 1149 eius
1890 1114 2052 1161 culpam,
2069 1125 2147 1149 non
2166 1113 2302 1149 omittit
2314 1118 2339 1160 Ε,
2354 1120 2396 1149 ut
2415 1113 2468 1150 di-

1409 1174 1511 1203 ctum
1532 1174 1587 1203 est
1600 1166 1631 1203 *.
1647 1187 1671 1194 -

1409 1221 1624 1267 cedentem,
1652 1227 1745 1268 puta
1774 1231 1862 1255 cum
1890 1219 2023 1267 aliquis
2051 1219 2098 1255 de
2126 1230 2211 1254 sero
2240 1231 2280 1255 se
2308 1218 2468 1255 inebria-

1407 1273 1462 1310 vit
1481 1271 1492 1297 <
1517 1281 1553 1309 et
1571 1285 1649 1309 non
1668 1279 1793 1321 potest
1812 1283 1965 1319 surgere
1985 1271 2033 1308 ad
2052 1271 2255 1308 matutinas
2274 1278 2316 1308 ut
2336 1271 2467 1308 debet:

1409 1326 1539 1363 dicunt
1575 1325 1732 1373 quidam
1770 1325 1876 1372 quod
1913 1332 2003 1361 tunc
2035 1323 2203 1373 incoepit
2222 1329 2240 1351 η
2267 1332 2468 1373 peccatum

1408 1378 1626 1415 omissionis
1658 1378 1812 1426 quando
1842 1377 1977 1426 aliquis
2005 1377 2169 1426 applicat
2196 1389 2236 1414 se
2266 1377 2313 1415 ad
2342 1385 2469 1415 actum

1406 1431 1575 1468 illicitum
1611 1438 1648 1467 et
1684 1430 2039 1479 incompossibilem
2078 1442 2165 1467 cum
2197 1430 2261 1466 illo
2297 1439 2383 1468 actu
2420 1431 2469 1468 ad

1407 1496 1524 1533 quem
1539 1491 1698 1520 tenetur.
1729 1483 1806 1520 Sed
1824 1484 1899 1519 hoc
1918 1496 1996 1520 non
2018 1483 2166 1520 videtur
2183 1495 2332 1520 verum.
2357 1484 2469 1532 Quia,

1408 1537 1496 1574 dato
1525 1536 1632 1595 quod
1661 1536 1882 1572 excitaretur
1909 1549 1979 1585 per
2005 1536 2226 1573 violentiam
2256 1544 2292 1573 et
2324 1537 2392 1573 iret
2419 1537 2469 1574 ad

1407 1589 1623 1636 matutinas,
1645 1601 1724 1625 non
1744 1589 1944 1625 omitteret.
1975 1589 2087 1626 Unde
2106 1597 2209 1638 patet
2233 1590 2337 1649 quod
2361 1602 2469 1649 prae-

1409 1642 1549 1679 cedens
1573 1641 1770 1678 inebriatio
1791 1653 1870 1678 non
1891 1641 1956 1678 fuit
1976 1642 2146 1689 omissio,
2167 1642 2235 1678 sed
2255 1642 2470 1679 omissionis

1410 1707 1546 1736 causa.
1552 1715 1576 1722 -
1600 1695 1712 1732 Unde
1733 1693 1940 1731 dicendum
1965 1702 2020 1731 est
2040 1695 2146 1742 quod
2166 1694 2322 1731 omissio
2341 1695 2473 1744 incipit

1410 1748 1443 1784 ei
1467 1732 1646 1797 imputari
1665 1748 1715 1785 ad
1740 1748 1891 1796 culpam
1921 1748 2077 1795 quando
2107 1748 2175 1784 fuit
2201 1755 2352 1796 tempus
2381 1761 2472 1797 ope-

1409 1801 1534 1838 randi:
1565 1808 1694 1837 tamen
1722 1807 1878 1849 propter
1907 1812 2061 1837 causam
2090 1801 2393 1850 praecedentem,
2426 1814 2470 1838 ex

1411 1866 1486 1903 qua
1515 1854 1671 1891 omissio
1701 1866 1865 1901 sequens
1894 1853 2063 1890 redditur
2089 1854 2315 1891 voluntaria.

1463 1909 1522 1944 An
1542 1918 1715 1949 QUARTUM
1734 1918 1919 1944 DICENDUM
1939 1907 2045 1954 quod
2065 1907 2221 1944 omissio
2243 1907 2383 1944 directe
2403 1920 2471 1956 op-

1409 1960 1563 2009 ponitur
1591 1959 1769 2006 iustitiae,
1799 1968 1839 1996 ut
1868 1959 2010 1996 dictum
2040 1968 2095 1996 est
2112 1960 2148 1996 *ε
2178 1973 2256 1997 non
2285 1960 2388 1996 enim
2417 1968 2472 1997 est

1411 2012 1568 2050 omissio
1598 2013 1701 2050 boni
1718 2012 1874 2049 alicuius
1892 2012 2039 2049 virtutis
2063 2013 2133 2050 nisi
2153 2014 2224 2050 sub
2243 2013 2388 2050 ratione
2410 2013 2472 2050 de-

1411 2066 1489 2113 biti,
1519 2066 1623 2115 quod
1651 2066 1811 2114 pertinet
1839 2066 1887 2102 ad
1915 2065 2106 2103 iustitiam.
2136 2067 2226 2103 Plus
2259 2073 2387 2103 autem
2415 2078 2472 2103 re-

1411 2119 1570 2167 quiritur
1598 2119 1646 2156 ad
1681 2126 1807 2156 actum
1840 2118 1986 2155 virtutis
2018 2119 2253 2156 meritorium
2281 2131 2399 2168 quam
2423 2119 2472 2156 ad

1411 2172 1640 2209 demeritum
1670 2173 1822 2220 culpae:
1862 2172 1949 2220 quia
1986 2173 2125 2208 bonum
2161 2178 2215 2208 est
2246 2184 2295 2208 ex
2323 2172 2471 2222 integra

1412 2237 1539 2270 causa,
1569 2225 1711 2261 malum
1731 2230 1856 2261 autem
1885 2237 1935 2260 ex
1951 2225 2208 2274 singularibus
2226 2225 2470 2273 defectibus.
2440 2225 2460 2247 ²¹²

1412 2279 1461 2314 Et
1479 2278 1566 2315 ideo
1587 2278 1635 2314 ad
1655 2277 1814 2314 iustitiae
1834 2277 2012 2314 meritum
2034 2278 2233 2327 requiritur
2253 2285 2373 2314 actus:
2394 2290 2472 2315 non

1413 2331 1619 2381 auternlad
1648 2330 1913 2367 omissionem.

1463 2470 1488 2502 ζ)
1508 2477 1595 2495 cum...
1615 2470 1766 2494 inebriavit.
1779 2483 1798 2489 -—
1816 2470 1866 2496 si...
1886 2470 2060 2495 inebriaverit
2079 2470 2125 2495 Pa.

1463 2507 1490 2537 η)
1510 2505 1664 2537 incoepit.-
1683 2505 1778 2537 incipit
1796 2506 1879 2530 DIsK.

974 2617 1305 2651 Commentaria
1328 2617 1577 2651 Cardinalis
1600 2618 1800 2652 Caietam

1409 2699 1498 2738 quod
1515 2698 1675 2734 omittens,
1688 2699 1775 2729 verbi
1789 2698 1897 2738 gratia,
1911 2698 2077 2729 comedere
2090 2705 2247 2739 quantum
2260 2705 2395 2738 oportet,
2408 2706 2476 2735 etc.‚

1410 2748 1566 2782 quatenus
1598 2749 1705 2772 actum
1735 2743 1961 2782 temperantiae
1990 2743 2045 2783 qui
2070 2749 2116 2773 est
2140 2742 2263 2773 debitus
2295 2752 2361 2772 non
2386 2742 2474 2778 facit,

1410 2786 1529 2817 omittit
1552 2786 1767 2816 materialiter:
1799 2794 1956 2827 quatenus
1980 2793 2087 2817 autem
2112 2787 2250 2816 eundem
2273 2793 2309 2816 ut
2332 2786 2475 2816 debitum

1410 2830 1587 2860 secundum
1611 2838 1741 2862 naturae
1763 2831 1814 2860 vel
1837 2831 1896 2861 Dei
1918 2831 2037 2870 legem,
2063 2840 2129 2860 non
2153 2830 2242 2866 facit,
2267 2830 2386 2860 omittit
2412 2830 2476 2860 for-

1410 2873 1542 2904 maliter.
1574 2874 1615 2904 Et
1642 2874 1685 2904 sic
1715 2874 1847 2904 omissio
1875 2874 2049 2904 formaliter
2079 2874 2193 2904 directe
2222 2874 2399 2914 opponitur
2425 2874 2474 2904 iu-

1410 2917 1522 2948 stitiae.

1464 2961 1504 2991 Et
1528 2968 1563 2991 ut
1585 2961 1618 2991 in
1642 2961 1762 2991 articuli
1778 2971 1910 3003 corpore
1935 2961 2057 2997 dicitur,
2082 2961 2248 3001 dupliciter
2272 2961 2474 3001 distinguitur

1410 3011 1441 3036 et
1463 3005 1594 3045 ponitur
1617 3005 1750 3045 speciale
1774 3012 1948 3046 peccatum.
1980 3006 2104 3042 Primo,
2129 3005 2211 3036 sicut
2238 3012 2366 3045 peccata
2392 3005 2473 3036 iniu-

1409 3049 1510 3080 stitiae
1534 3056 1608 3080 sunt
1631 3050 1776 3089 specialia
1800 3057 1927 3090 peccata
1955 3060 1972 3080 a
1996 3049 2131 3089 peccatis
2160 3056 2269 3080 contra
2296 3056 2473 3090 temperan-

1409 3093 1486 3124 tiam
1510 3100 1540 3124 et
1563 3093 1783 3124 fortitudinem
1807 3093 1962 3125 distincta.
1982 3111 2003 3116 -
2023 3094 2181 3130 Secundo,
2206 3094 2287 3124 sicut
2309 3093 2389 3124 inter
2405 3093 2473 3133 ipsa

1409 3144 1537 3178 peccata
1552 3137 1722 3168 iniustitiae
1737 3138 1817 3169 inter
1833 3148 1866 3168 se
1881 3144 2009 3179 peccata
2026 3138 2273 3178 distinguuntur,
2291 3137 2371 3168 sicut
2385 3145 2472 3168 actus

1409 3181 1542 3212 virtuosi
1566 3182 1682 3222 quibus
1706 3189 1925 3223 opponuntur.
1958 3182 1998 3213 Et
2026 3182 2086 3218 sic,
2115 3182 2190 3223 quia
2221 3182 2321 3212 facere
2349 3183 2472 3212 bonum

1410 3232 1441 3256 et
1464 3225 1619 3256 declinare
1635 3236 1653 3256 a
1669 3226 1755 3256 malo
1779 3233 1853 3257 sunt
1876 3226 1989 3256 diversi
2005 3233 2092 3257 actus
2107 3226 2256 3262 iustitiae,
2281 3226 2353 3256 ideo
2378 3225 2473 3256 omit-

1410 3277 1491 3306 tere,
1516 3270 1606 3310 quod
1629 3270 1805 3311 opponitur
1828 3271 1867 3301 ad
1891 3270 2005 3306 facere,
2032 3278 2062 3301 et
2084 3270 2275 3310 transgredi,
2299 3270 2388 3310 quod
2412 3279 2472 3309 op-

1411 3314 1542 3354 ponitur
1571 3315 1611 3344 ad
1638 3314 1814 3351 declinare,
1839 3315 1919 3345 inter
1942 3325 1974 3345 se
1998 3321 2072 3345 sunt
2103 3314 2224 3344 diversa
2252 3320 2379 3353 peccata
2402 3323 2472 3353 spe-

1411 3358 1500 3389 cialia
1523 3359 1582 3389 sub
1605 3358 1759 3389 iniustitia
1783 3366 1940 3390 contenta.
1965 3359 2005 3389 Et
2027 3358 2103 3389 haec
2126 3358 2261 3388 intendit
2283 3357 2394 3388 littera.

1693 1166 1732 1203 Si
1745 1178 1839 1203 vero
1856 1166 1901 1203 sit
1918 1173 2074 1214 propter
2090 1165 2168 1202 eius
2188 1167 2339 1214 culpam
2357 1177 2467 1214 prae·
2495 1178 2505 1188 ·

2499 1967 2509 1976 ⁸
2522 1966 2548 1988 In
2562 1972 2669 1994 corpore.

2499 2230 2613 2258 ⁸Dionye.
2620 2229 2708 2251 deDiv.

2500 2256 2709 2305 ²s“'.⁰1”i;¹.1⁶e⁸0¹{.¹1{11'.
