2860 4238
979 206 1245 253 QUAESTIO
1275 207 1414 254 CXIV,
1444 206 1741 244 ARTICULUS
1770 207 1801 243 Il

306 296 406 321 unus
439 286 487 322 ad
515 285 674 322 alterum
703 285 881 323 decenter
909 297 948 322 se
976 285 1101 321 habet,
1131 285 1179 321 Et
1206 285 1274 321 has
1301 285 1363 322 de·
1390 288 1392 327 Ι

306 337 524 396 lectationes
563 350 641 375 non
678 346 827 387 oportet
859 338 1047 375 refrenare
1082 344 1264 386 tanquam
1298 350 1366 374 no-

306 402 396 427 xias.

359 445 419 480 An
442 455 600 481 mnrium
625 455 808 480 mer-:unum
838 442 943 491 quod
965 442 1128 479 verbum
1160 442 1250 480 illud
1278 442 1365 479 Phi·
1392 463 1395 500 J

307 496 457 545 losophi
486 508 564 533 non
597 504 653 533 est
683 495 967 544 intelligendum
996 495 1100 544 quod
1136 495 1268 543 aliquis
1301 507 1364 532 eo·
1392 501 1395 540 ξ

359 661 384 693 ζ)
403 661 574 686 contristare.
592 674 612 679 -
629 660 740 685 tristare
759 660 788 692 P,
807 660 983 686 circumstare
1003 660 1036 685 D.

2397 206 2473 253 443

1421 285 1510 321 dern
1538 285 1657 322 modo
1696 284 1832 322 debeat
1866 284 2030 333 colloqui
2064 291 2100 320 et
2137 284 2340 321 convivere
2380 284 2477 322 notis

1422 345 1457 374 et
1484 337 1640 385 ignotis:
1670 337 1775 386 quia,
1804 345 1845 374 ut
1874 337 1953 386 ipse
1983 337 2126 374 ibidem
2154 337 2297 383 subdit,
2328 349 2402 373 non
2430 337 2477 373 si-

1420 390 1558 427 militer
1575 391 1748 427 convenit
1764 396 1958 428 consuetos
1976 396 2012 427 et
2028 396 2228 427 extraneos
2251 401 2388 426 curare
2414 395 2480 426 aut

1421 443 1641 479 contristare
1659 441 1682 479 ζ.
1723 443 1799 479 Sed
1837 443 1875 479 in
1911 444 1986 480 hoc
2023 442 2224 480 attenditur
2262 442 2478 489 similitudo,

1422 495 1526 544 quod
1555 495 1603 532 ad
1631 507 1766 532 omnes
1795 503 1944 544 oportet
1972 496 2095 532 facere
2124 496 2228 544 quod
2257 495 2376 532 decet.

977 757 1312 790 Commentario.
1333 756 1586 790 Cardinalis
1606 756 1809 789 Caietam

337 864 358 884 N
374 853 506 884 articulo
522 854 663 884 secundo
680 854 823 884 eiusdem
839 854 1043 895 quaestionis,
1056 861 1132 886 nota
1148 854 1263 895 primo,
1280 854 1368 895 quod
1393 853 1396 890 j

310 866 502 929 Iaffabilitas
532 898 681 935 attendit,
705 905 742 929 ut
770 898 803 928 in
833 898 936 929 littera
966 898 1096 935 dicitur,
1124 898 1282 929 rationem
1313 898 1366 928 de-

306 941 361 973 biti
378 942 507 973 moralis
523 952 560 973 ex
578 949 666 983 parte
683 942 824 973 debentis
839 949 870 973 et
889 942 956 973 eius
972 942 1023 973 cui
1038 943 1179 978 debetur,
1195 942 1250 972 sed
1269 941 1369 981 magis

306 996 343 1017 ex
366 992 453 1026 parte
477 986 628 1017 debentis.
653 986 739 1017 Cum
761 986 847 1016 enim
869 986 970 1016 homo
994 986 1033 1017 sit
1055 985 1238 1017 naturaliter
1253 985 1371 1016 animal

306 1030 432 1067 sociale,
457 1030 599 1062 debitum
622 1030 756 1061 naturali
779 1030 900 1061 ratione
924 1036 971 1061 est
993 1036 1029 1060 ut
1050 1029 1272 1070 unusquisque
1296 1039 1371 1060 con-

306 1081 447 1105 versetur
469 1084 543 1105 eum
567 1075 666 1105 altero
689 1080 787 1114 prout
809 1074 950 1110 socium,
975 1080 1006 1104 et
1028 1073 1245 1104 universaliter
1274 1079 1370 1114 prout

307 1125 546 1150 conversantem
569 1118 734 1149 hominem
758 1118 857 1149 decet.
880 1118 922 1148 Et
944 1117 1099 1159 quoniam
1123 1127 1198 1148 cum
1213 1117 1294 1148 tristi
1316 1123 1371 1148 aut

306 1172 372 1198 non
396 1162 571 1194 delectabili
593 1172 729 1203 persona
752 1161 896 1203 eligibilis
914 1171 981 1192 non
996 1169 1043 1193 est
1065 1161 1273 1200 conversatio,
1296 1161 1369 1192 ideo

306 1213 337 1238 et
358 1206 532 1247 unicuique
554 1206 686 1237 debetur
714 1206 804 1247 quod
827 1205 1025 1237 conversatio
1050 1215 1124 1237 cum
1146 1206 1218 1246 ipso
1240 1205 1295 1236 fiat
1317 1206 1369 1236 de-

305 1250 474 1287 lectabilis,
503 1257 535 1282 et
555 1250 690 1291 quilibet
711 1250 768 1291 qui
795 1256 998 1281 conversatur
1026 1250 1119 1281 debet
1147 1249 1371 1281 delectabiliter

277 1322 284 1324 ,
306 1294 493 1326 conversari.
516 1294 578 1326 Sed
601 1295 677 1336 quia
699 1294 843 1326 debitum
864 1294 928 1325 hoc
951 1304 1018 1325 non
1038 1293 1190 1325 fundatur
1211 1303 1307 1334 super
1321 1293 1370 1324 in-

305 1338 494 1380 aequalitate
516 1339 623 1380 aliqua
646 1349 683 1370 ex
706 1349 745 1369 eo
769 1338 859 1380 quod
881 1338 933 1369 hic
956 1338 1076 1379 aliquid
1099 1338 1253 1378 acceperit
1275 1338 1314 1368 ab
1330 1347 1369 1368 eo

305 1392 342 1418 ,ne
364 1392 421 1424 per
435 1383 498 1415 hoc
521 1383 632 1414 debeat
646 1389 946 1423 recompensare-ut
967 1382 1008 1413 ad
1031 1382 1254 1423 aequalitatem
1275 1382 1369 1412 redu-

1423 861 1547 889 cantur,
1573 861 1609 884 ut
1638 854 1750 884 accidit
1771 854 1804 884 in
1828 854 1934 884 debito
1962 853 2098 885 iustitiae
2121 853 2367 884 commutativae
2396 859 2427 884 et
2449 853 2481 883 in

1422 897 1536 928 virtute
1555 897 1767 938 gratitudinis;
1795 898 1850 928 sed
1874 907 1968 937 super
1991 897 2330 929 commensurabilitate
2352 904 2483 928 actuum

1422 941 1562 972 hominis
1585 942 1625 971 ad
1648 941 1746 971 aliurn
1773 941 1805 971 in
1829 941 2045 972 conversando
2069 939 2120 983 (ex
2143 941 2204 971 hoc
2228 951 2365 981 namque
2393 941 2483 981 quod

1423 991 1511 1016 actus
1526 985 1590 1015 mei
1606 992 1680 1016 sunt
1695 985 1871 1015 secundum
1887 985 2042 1015 rationem
2062 985 2360 1016 commensurabiles
2375 984 2483 1016 sociali

1422 1029 1524 1065 vitae,
1550 1029 1649 1060 debeo
1681 1038 1740 1069 ego
1765 1039 1958 1070 componere
1982 1039 2036 1059 eos
2064 1036 2161 1069 prout
2183 1039 2235 1059 me
2265 1029 2354 1060 decet
2375 1029 2408 1059 in
2432 1039 2482 1059 or-

1424 1073 1497 1104 dine
1520 1073 1559 1103 ad
1575 1073 1673 1104 vitam
1695 1071 1875 1115 socialem):
1899 1073 1972 1103 ideo
1992 1072 2133 1103 debitum
2149 1073 2210 1103 hoc
2226 1073 2325 1113 magis
2348 1083 2380 1107 se
2399 1080 2484 1104 tenet

1424 1127 1461 1148 ex
1483 1123 1570 1157 parte
1600 1117 1700 1158 ipsius
1722 1117 1855 1148 virtuosi
1883 1117 2023 1147 debentis
2054 1116 2154 1147 faeere
2179 1117 2267 1157 quod
2295 1126 2369 1147 eum
2397 1117 2484 1147 decet

1423 1162 1464 1192 ad
1487 1171 1610 1192 omnes·

1478 1206 1563 1236 Nota
1585 1205 1736 1242 secunde,
1752 1205 1841 1246 quod
1860 1205 1935 1246 quia
1950 1204 2111 1235 affabilitas
2133 1214 2170 1235 ex
2189 1204 2295 1235 debito
2311 1204 2424 1234 morali
2439 1210 2485 1235 est

1423 1249 1490 1280 sine
1514 1259 1580 1290 quo
1603 1250 1751 1280 honestas
1775 1249 1872 1279 moris
1895 1249 1928 1279 in
1951 1248 2189 1279 conversatione
2211 1248 2352 1279 humana
2375 1247 2485 1279 salvari

1423 1299 1538 1334 potest,
1555 1293 1609 1324 sed
1628 1303 1695 1324 non
1710 1294 1800 1330 bene,
1824 1300 1860 1324 ut
1882 1299 1968 1333 patet
1983 1302 2020 1323 ex
2034 1292 2082 1323 his
2103 1302 2186 1333 quae
2204 1292 2237 1323 in
2255 1292 2357 1323 littera
2378 1291 2484 1328 habes,

1423 1344 1454 1368 et
1480 1347 1518 1368 ex
1544 1347 1599 1378 qu.
1619 1347 1715 1374 Lm,
1740 1337 1795 1368 ubi
1819 1336 1982 1368 distinctae
2005 1343 2080 1367 sunt
2101 1343 2204 1377 partes
2227 1335 2381 1375 iustitiae3
2411 1336 2484 1366 ideo

1423 1381 1556 1412 omissio
1579 1381 1766 1412 affabilitatis
1789 1387 1874 1412 extra
1896 1387 2023 1421 peccata
2045 1380 2180 1411 venialia
2202 1390 2268 1411 non
2292 1387 2348 1411 est.
