2860 4244
186 1011 194 1018 ⁴
209 1009 240 1031 Ca
261 1009 302 1035 ἅν.
316 1015 338 1029 n.
350 1008 371 1029 6.
383 1019 393 1023 -

185 1036 209 1057 S.
224 1036 236 1056 'l
252 1042 267 1056 ι.
283 1036 333 1056 lect.
344 1041 365 1055 x.

183 1273 191 1281 ⁶
207 1272 232 1292 D.
249 1271 292 1299 613.

181 1379 190 1387 ⁸
205 1377 260 1404 Cap.
275 1382 306 1397 xi.

432 243 504 279 332

428 320 621 358 ducendos
660 319 707 356 ad
745 331 840 366 quos
876 324 1054 366 putantur
1090 315 1298 351 naturalem
1336 313 1476 349 habere

426 374 616 419 virtutem,
646 384 723 408 non
753 379 806 407 est
826 369 1121 418 superstitiosum
1144 378 1267 414 neque
1296 365 1475 401 illicitum.

428 427 467 463 Si
494 438 586 462 vero
625 425 874 471 adiungantur
899 423 960 458 vel
991 422 1222 456 characteres
1251 417 1385 465 aliqui,
1414 418 1475 453 vel

426 480 546 527 aliqua
567 478 734 523 nomina,
754 477 815 513 vel
836 475 929 511 aliae
949 483 1210 521 quaecumque
1230 470 1356 507 variae
1377 469 1388 495 t
1408 471 1475 506 ob-

426 531 666 575 servationes,
685 541 782 576 quae
811 527 1049 563 manifestum
1079 533 1132 561 est
1160 523 1374 560 naturaliter
1397 523 1476 559 effi-

426 584 566 620 caciam
583 595 660 619 non
674 582 826 626 habere,
844 579 910 615 erit
925 577 1222 626 superstitiosum
1240 584 1276 612 et
1294 575 1473 612 illicitum.

477 638 533 672 AD
562 645 748 671 SECUNDUM
777 643 959 669 DICENDUM
988 631 1092 679 quod
1110 629 1267 666 virtutes
1287 629 1474 665 naturales

425 700 626 736 corporum
643 686 866 723 naturalium
883 690 1165 731 consequuntur
1185 694 1315 718 eorum
1333 682 1474 717 formas

423 740 692 785 substantiales,
722 750 815 787 quas
835 737 1039 773 sortiuntur
1060 748 1102 772 ex
1123 734 1371 783 impressione
1392 744 1473 770 cae-

422 793 570 829 lestium
592 803 812 840 corporum:
844 798 880 826 et
898 789 985 825 ideo
1015 801 1058 824 ex
1080 787 1290 824 eorundem
1317 787 1475 835 impres-

423 846 527 881 sione
565 845 769 881 sortiuntur
805 843 990 890 quasdam
1020 841 1176 878 virtutes
1205 841 1357 877 activas.
1397 839 1474 876 Sed

423 910 624 946 corporum
654 896 899 933 artificialium
921 895 1065 931 formae
1090 894 1301 942 procedunt
1321 905 1365 929 ex
1386 904 1474 928 con-

422 951 591 999 ceptione
621 949 794 986 artificis:
825 956 861 985 et
890 960 976 984 cum
1006 947 1094 983 nihil
1124 946 1224 983 aliud
1258 946 1330 982 sint
1358 957 1472 994 quam

421 1003 657 1051 compositio,
675 1002 769 1038 ordo
786 1010 822 1038 et
841 1002 972 1048 figura,
989 1008 1030 1036 ut
1050 1000 1180 1036 dicitur
1194 999 1231 1035 in
1253 1000 1266 1035 Ι
1282 998 1428 1046 Pnysic.
1441 997 1471 1045 ²¹²,

420 1068 497 1092 non
516 1062 674 1104 possunt
692 1055 830 1092 habere
852 1054 1057 1090 naturalem
1087 1053 1263 1089 virtutem
1295 1051 1342 1088 ad
1362 1062 1474 1098 agen-

421 1109 522 1145 dum.
562 1109 610 1144 Et
637 1108 725 1144 inde
764 1115 818 1144 est
847 1107 949 1155 quod
989 1118 1031 1142 ex
1066 1104 1314 1153 impressione
1353 1104 1471 1140 caele-

420 1162 532 1198 stium
562 1173 764 1209 corporum
794 1161 935 1196 nullam
965 1159 1143 1195 virtutem
1180 1157 1383 1193 sortiuntur
1411 1157 1472 1191 ‘in-

419 1221 601 1261 quantum
631 1222 717 1250 sunt
744 1213 966 1257 artificialia,
997 1211 1064 1247 sed
1102 1211 1226 1246 solum
1260 1209 1470 1245 secundum

419 1267 615 1303 materiam
636 1267 843 1302 naturalem
859 1265 888 1301 ²¹².
912 1265 1064 1301 Falsum
1082 1271 1136 1299 est
1151 1274 1239 1309 ergo
1256 1261 1359 1309 quod
1379 1262 1470 1297 Por-

417 1320 552 1368 phyrio
580 1319 790 1363 videbatur,
812 1325 851 1353 ut
879 1315 1110 1363 Augustinus
1137 1315 1233 1359 dicit,
1264 1315 1299 1350 X
1318 1315 1363 1350 de
1391 1314 1468 1350 Civ.

417 1373 491 1408 Dei
507 1372 536 1419 ²¹²,
557 1372 679 1407 herbis
704 1377 739 1407 et
765 1370 946 1418 lapidibus
975 1375 1011 1405 et
1027 1367 1290 1412 animantibus,
1311 1372 1347 1402 et
1371 1366 1472 1402 sonis

417 1425 524 1461 certis
551 1424 768 1472 quibusdam
797 1435 843 1459 ac
870 1423 1030 1467 vocibus,
1056 1427 1091 1457 et
1105 1420 1400 1469 figurationibus
1418 1425 1472 1455 at-

416 1489 487 1525 que
498 1477 694 1526 figmentis
714 1476 933 1525 quibusdam
957 1475 1068 1511 etiam
1097 1473 1299 1510 observatis
1322 1473 1358 1508 in
1379 1472 1474 1508 caeli

416 1529 687 1566 conversione⁷¹
712 1529 870 1565 motibus
898 1528 1073 1573 siderum,
1085 1526 1283 1575 fabricari
1304 1525 1340 1561 in
1370 1530 1471 1561 terra

414 1584 462 1619 ab
480 1582 690 1619 hominihus
704 1587 901 1630 potestates
921 1581 1073 1617 idoneas
1091 1579 1255 1616 siderum
1283 1578 1399 1614 variis
1419 1579 1471 1625 ef-

466 1696 490 1727 ζ)
505 1696 604 1720 variae.
616 1709 635 1714 -
653 1702 737 1720 vanae
755 1695 855 1719 videtur
873 1694 967 1719 habere
987 1699 1012 1718 et
1031 1699 1089 1718 ante
1108 1700 1285 1726 quaecumque
1303 1693 1376 1725 ponit
1393 1691 1428 1718 D.

466 1732 491 1763 η)
511 1730 689 1756 conversione.
704 1744 720 1748 —
732 1730 870 1755 aversione
886 1730 1027 1762 BEFpCK3
1048 1737 1094 1762 pro
1113 1728 1282 1761 exequendis,
1300 1728 1471 1760 exequendas

413 1766 513 1791 codices
532 1772 557 1790 et
575 1774 599 1790 a.

1098 236 1363 283 QUAESTIO
1393 235 1531 282 xcvi,
1561 234 1856 271 ART1cuLus
1887 234 1917 269 11

1521 313 1686 360 fectihus
1706 313 1951 360 exequendis:
1979 310 2086 359 quasi
2107 310 2262 346 effectus
2281 310 2514 357 magicarum
2534 322 2591 347 ar-

1532 364 1626 401 tium
1665 377 1710 401 ex
1740 365 1878 402 virtute
1917 363 2134 400 caelestium
2172 374 2376 410 corporum
2413 362 2591 410 proveni-

1532 424 1625 453 rent.
1657 417 1733 454 Sed
1761 417 1854 454 sicut
1881 417 2112 464 Augustinus
2142 415 2283 452 ibidem
2313 415 2450 461 subdit,
2473 413 2590 452 totum

1531 470 1602 505 hoc
1628 469 1680 506 ad
1696 470 1896 507 daemones
1909 470 2080 517 pertinet,
2101 469 2350 516 ludificatores
2373 468 2590 504 animarum

1530 522 1601 558 sibi
1625 523 1870 559 subditarum.

1584 574 1695 611 Unde
1730 575 1843 612 etiarn
1872 574 2052 622 imagines
2090 586 2184 622 quas
2212 573 2484 610 astronomicas
2519 584 2589 608 vo-

1531 635 1627 673 cant,
1658 639 1702 663 ex
1732 629 1952 676 operatione
1981 628 2214 664 daemonum
2233 626 2375 663 habent
2399 625 2589 662 effectum.

1531 680 1648 716 Cuius
1677 679 1825 727 signum
1857 688 1911 717 est
1939 681 2043 727 quod
2082 691 2237 716 necesse
2267 687 2322 715 est
2350 678 2403 714 eis
2440 677 2591 715 inscribi

1531 732 1717 780 quosdam
1760 734 2014 778 characteres,
2054 733 2138 780 qui'
2161 732 2376 769 naturaliter
2414 731 2462 768 ad
2499 731 2590 767 nihil

1531 792 1752 833 operantur:
1783 797 1862 821 non
1892 785 1992 821 enim
2023 793 2078 821 est
2105 785 2226 832 figura
2254 785 2411 821 actionis
2440 791 2590 821 natura-

1529 838 1572 874 lis
1600 837 1840 886 principium,
1871 838 1948 874 Sed
1977 837 2016 874 in
2043 838 2118 874 hoc
2146 838 2282 874 distant
2310 837 2588 874 astronomicae

1529 891 1711 938 imagines
1736 903 1758 927 a
1787 890 2080 938 nigromanticis,
2106 891 2210 938 quod
2239 890 2277 926 in
2306 890 2589 938 nigromanticis

1528 945 1625 980 fiunt
1653 955 1851 992 expressae
1871 943 2133 980 invocationes
2162 950 2198 979 et
2216 942 2415 990 praestigia
2437 940 2450 963 ⁰
2475 955 2589 991 quae-

1530 997 1631 1043 dam,
1661 997 1763 1033 unde
1783 996 1970 1045 pertinent
1997 996 2047 1032 ad
2067 1007 2244 1044 expressa
2263 1003 2374 1044 pacta
2393 1007 2480 1031 cum
2501 996 2589 1032 dae-

1529 1050 1706 1086 monibus
1735 1049 1845 1086 inita:
1876 1050 1941 1086 sed
1963 1049 2000 1085 in
2019 1048 2097 1085 aliis
2121 1048 2348 1095 imaginibus
2368 1055 2588 1095 suntvquae-

1530 1103 1616 1139 dam
1647 1102 1757 1139 tacita
1793 1109 1904 1150 pacta
1945 1114 2019 1150 per,
2051 1102 2241 1150 quaedam
2276 1097 2485 1148 figurarum
2518 1113 2586 1137 seu

1529 1156 1789 1191 characterum
1819 1154 1934 1202 signa.

1580 1210 1639 1244 An
1667 1219 1826 1244 Tannum
1855 1219 2038 1254 nlcaunum
2067 1206 2172 1255 quod
2192 1206 2239 1243 ad
2260 1205 2475 1243 dominium
2502 1218 2588 1254 per-

1527 1260 1618 1296 tinet
1646 1260 1797 1296 divinae
1825 1260 2047 1307 maiestatis,
2078 1259 2138 1295 cui
2166 1259 2376 1296 daemones
2409 1259 2586 1306 subsunt,

1526 1320 1568 1349 ut
1592 1312 1644 1349 eis
1667 1320 1791 1349 utatur
1810 1314 1915 1349 Deus
1944 1313 1991 1349 acl
2012 1313 2286 1361 quodcumque
2304 1311 2479 1349 voluerit.
2510 1312 2587 1350 Sed

1526 1365 1673 1402 homini
1701 1378 1779 1402 non
1808 1373 1864 1402 est
1899 1373 2066 1414 potestas
2094 1377 2208 1414 super
2245 1365 2454 1402 daemones
2482 1377 2587 1402 com-

1527 1418 1663 1465 missa,
1692 1426 1734 1455 ut
1762 1418 1815 1455 eis
1851 1419 1948 1455 licite
1985 1419 2039 1455 uti
2075 1418 2275 1467 possit‘ad
2312 1418 2586 1466 quodcumque

1525 1471 1708 1508 voluerit:
1739 1472 1806 1509 sed
1837 1481 1892 1508 est
1920 1472 1953 1508 ei
1983 1479 2113 1508 contra
2133 1472 2342 1508 daemones
2362 1471 2503 1508 bellum
2531 1470 2587 1508 in-

1526 1525 1680 1562 dictum.
1710 1525 1821 1562 Unde
1850 1525 1952 1561 nullo
1982 1525 2100 1561 modo
2138 1524 2224 1561 licet
2251 1523 2398 1561 homini
2430 1524 2586 1561 daemo-

1526 1590 1618 1614 num
1649 1577 1786 1614 auxilio
1814 1577 1867 1614 uti
1896 1590 1964 1625 per
1991 1585 2101 1626 pacta
2128 1577 2238 1614 tacita
2266 1578 2328 1614 vel
2357 1589 2545 1626 expressa.

1577 1690 1600 1725 θ)
1616 1693 1776 1726 praestigia.
1788 1707 1808 1712 -
1820 1693 1937 1726 fastigia
1955 1693 2172 1726 AGL‚fas1·ngia
2191 1693 2264 1724 BCE,
2277 1693 2402 1726 fasnigia
2424 1692 2454 1723 F,
2465 1691 2586 1725 fanugia

1524 1728 1596 1760 DpK,
1608 1728 1728 1761 fassigia
1748 1729 1792 1757 sK.
1805 1729 1978 1761 fantasmata
1997 1729 2030 1759 H,
2037 1729 2165 1761 fantasia
2183 1729 2201 1753 1.

1075 1851 1407 1883 commentaria
1430 1849 1680 1882 Cardinalis
1701 1851 1902 1883 Caietam

443 1952 462 1971 N
486 1941 617 1971 articulo
641 1941 779 1970 secundo
805 1940 944 1970 eiusdem
973 1939 1166 1980 quaestionis
1195 1938 1468 1978 nonagesimaese-

416 1954 521 2020 littae,
545 1991 629 2020 nota,
654 1984 686 2014 in
710 1984 914 2024 responsione
939 1984 978 2013 ad
1002 1984 1152 2023 primum,
1172 1983 1204 2023 ly
1226 1987 1389 2023 putantur
1411 1982 1467 2012 ha-

1575 1938 1627 1968 ΙΙΙ.
1651 1938 1701 1968 Ad
1725 1938 1891 1968 hominem
1905 1938 1922 1957 *
1945 1948 2030 1974 vero,
2048 1938 2122 1979 quia
2146 1944 2200 1967 aut
2220 1939 2342 1967 Auctor
2369 1936 2419 1967 hic
2441 1942 2587 1968 retractat

1519 1982 1608 2022 quod
1632 1982 1786 2013 concessit
1807 1982 1840 2012 in
1864 1983 1904 2012 ΙΙΙ
1931 1982 2053 2013 Contra
2078 1982 2182 2019 Gent.,
2207 1991 2276 2021 cap.
2292 1989 2344 2011 cv:
2371 1987 2426 2011 aut
2448 1990 2525 2012 nou.
2551 1980 2584 2012 Si

411 2030 483 2059 bere
496 2029 675 2059 naturalem
690 2029 846 2059 virtutem.
864 2028 1026 2065 Quoniam
1041 2027 1113 2058 hinc
1126 2028 1221 2057 habes
1234 2027 1323 2067 quod
1336 2026 1466 2066 quando
1519 2036 1595 2062 non,
1619 2027 1762 2067 sequitur
1785 2027 1874 2067 quod
1897 2023 2050 2066 imagines
2064 2025 2296 2057 astronomicae
2319 2026 2382 2057 sint
2403 2024 2584 2056 tolerabiles

411 2073 507 2113 aliqui
530 2073 678 2102 adhibent
698 2072 827 2112 lapides,
852 2072 976 2108 herbas,
1000 2071 1168 2111 imagines,
1193 2071 1242 2101 vel
1266 2070 1385 2111 aliquid
1408 2070 1467 2100 hu·
1491 2086 1493 2114 i
1520 2070 1545 2100 si
1568 2070 1635 2100 sine
1658 2070 1887 2101 characteribus
1910 2070 2000 2102 fiant:
2026 2077 2056 2101 et
2078 2071 2168 2111 quod
2192 2069 2356 2101 conclusio
2379 2070 2512 2100 istarum
2534 2078 2583 2101 ra-

409 2116 564 2152 iusmodi,
589 2117 627 2146 ad
652 2117 827 2146 sanandum
860 2116 975 2146 vulnus
1006 2116 1056 2146 vel
1079 2115 1288 2155 mitigandum
1321 2115 1466 2144 dolorem
1491 2119 1492 2140 ἐ
1518 2114 1646 2144 tionum
1665 2125 1731 2145 non
1755 2122 1790 2145 ut
1814 2124 1905 2145 sonat
1927 2115 1989 2145 hoc
2011 2115 2044 2145 in
2067 2115 2140 2145 loco
2162 2114 2202 2145 sit
2225 2114 2416 2154 accipienda,
2434 2114 2491 2145 sed
2511 2122 2585 2149 mo-

410 2167 440 2190 et
463 2160 663 2196 huiusmodi,
689 2161 830 2200 putando
854 2161 942 2200 quod
966 2159 1134 2190 adhibeant
1164 2159 1321 2190 naturales
1346 2159 1396 2188 vel
1420 2158 1465 2188 di·
1490 2141 1492 2182 l
1519 2158 1664 2195 deranda,
1685 2166 1715 2190 et
1731 2165 1858 2199 oportet
1876 2159 2015 2198 glossam
2031 2159 2170 2189 invenire
2185 2167 2251 2188 non
2268 2158 2483 2189 destruentem
2497 2158 2584 2189 hunt

409 2205 497 2234 vinas
530 2214 656 2240 causaS,
681 2204 774 2234 etiam
802 2204 830 2234 si
858 2211 973 2240 errent,
999 2210 1186 2234 excusantur
1218 2214 1235 2233 a
1268 2202 1465 2243 superstitio·
1490 2190 1492 2235 l
1518 2209 1648 2234 textum.
1676 2203 1839 2240 Quoniam
1863 2203 1915 2239 ibi,
1939 2210 2014 2243 post
2036 2203 2266 2233 discussionem
2289 2203 2457 2244 quomodo
2481 2201 2582 2242 figura

410 2257 465 2278 ne:
498 2248 557 2278 nisi
579 2248 755 2287 ignorantia
778 2248 817 2278 sit
849 2258 949 2278 crassa
973 2255 1003 2278 et
1034 2248 1165 2288 supina,
1192 2247 1466 2287 excusationisque
1519 2256 1584 2277 non
1607 2254 1712 2287 potest
1735 2247 1892 2287 suscipere
1916 2247 2073 2278 influxurn
2097 2247 2236 2278 caelestis
2258 2247 2395 2284 virtutis,
2420 2246 2584 2287 subiungit

410 2302 474 2322 non
498 2302 603 2332 capax.
1219 2325 1226 2330 ,
1490 2296 1491 2332 ξ
1518 2290 1594 2321 haec
1618 2292 1724 2322 verba:
1753 2292 1838 2329 Quia
1855 2301 1930 2322 vero
1943 2292 2082 2333 figurae
2097 2293 2128 2322 in
2145 2292 2368 2332 artificialibus
2390 2296 2466 2322 sunt
2487 2291 2582 2332 quasi

465 2336 501 2366 ΙΙ.
520 2336 554 2366 In
570 2337 682 2366 eodem
697 2335 837 2371 articulo,
851 2336 883 2365 in
895 2335 1100 2376 responsione
1116 2337 1155 2366 ad
1171 2336 1357 2372 secundum,
1371 2345 1466 2376 quae·
1490 2345 1491 2365 ι
1509 2335 1644 2376 formae
1661 2336 1837 2376 specificae,
1848 2341 1955 2376 potest
1970 2336 2088 2376 aliquis
2107 2336 2213 2366 dicere
2235 2336 2320 2376 quod
2340 2336 2420 2366 nihil
2435 2335 2584 2376 prohibet
2611 2350 2616 2354 -

410 2380 632 2421 stioloccurrit
662 2380 700 2410 de
729 2379 918 2419 imaginibus
948 2380 1181 2416 astronomicis,
1206 2379 1406 2420 simpliciter,
1436 2386 1466 2410 et
1490 2380 1491 2395 ¹
1517 2380 1592 2419 quin
1623 2381 1875 2410 constitutionem
1895 2379 2054 2421 figurae,
2086 2390 2170 2420 quae
2191 2379 2248 2410 dat
2270 2380 2404 2420 speciem
2429 2380 2580 2421 imagini,

410 2425 447 2454 ad
472 2423 646 2454 hominem.
672 2423 891 2463 Simpliciter*
915 2424 1053 2463 quidem,
1072 2424 1146 2464 quia
1174 2431 1240 2454 tota
1264 2424 1343 2454 ratio
1367 2433 1465 2464 quare
1490 2426 1491 2451 l
1518 2429 1733 2464 consequatur
1755 2425 1863 2464 aliqua
1888 2425 1990 2454 virtus
2018 2434 2059 2454 ex
2082 2425 2252 2464 influentia
2276 2424 2420 2460 caelesti,
2447 2433 2510 2454 non
2533 2433 2579 2454 se-

411 2468 599 2498 damnantur
629 2467 745 2506 figurae
769 2468 997 2497 astronomicae
1021 2475 1066 2498 est
1089 2468 1163 2508 quia
1187 2468 1218 2497 in
1242 2467 1370 2498 veritate
1399 2478 1465 2498 non
1489 2457 1491 2497 l
1518 2468 1655 2508 cundum
1680 2468 1764 2507 quod
1776 2468 1896 2509 figura
1913 2473 1969 2505 est,
1993 2468 2050 2498 sed
2072 2468 2246 2498 secundum
2270 2467 2354 2508 quod
2377 2472 2491 2498 causat
2512 2476 2581 2508 spe-

2852 1490 2860 1575 ξ

2854 1578 2860 1598 .

2852 1606 2860 1711 {ss

2853 1745 2860 1790 ε

2852 1794 2860 1860 l

2611 1944 2795 1967 m..
2846 1863 2860 2051 l

2848 2054 2860 2224 i

173 2426 183 2435 ⁸
197 2425 232 2446 Cf.
249 2430 313 2446 num.
327 2431 348 2445 v.

174 2911 184 2920 ⁸
204 2910 298 2931 Aristot.
320 2910 380 2937 Phy-

175 2936 215 2957 εἰς.
221 2936 258 2958 lib.
265 2936 292 2962 11,
300 2942 348 2964 cap.
355 2942 380 2959 Π.

172 2968 194 2983 n.
217 2969 242 2983 ιι.
263 2974 272 2978 -
295 2963 319 2984 S.
337 2962 381 2983 Th.

174 2988 224 3010 lect.
239 2996 261 3014 4.

410 2518 483 2541 sunt
499 2521 619 2547 causae,
634 2512 688 2541 sed
703 2511 799 2550 signa,
813 2521 878 2541 non
895 2511 1054 2547 naturalia,
1069 2513 1123 2541 sed
1140 2512 1353 2542 daemoniaca.
1371 2512 1464 2541 Ratio
1489 2523 1491 2556 ;

410 2562 514 2585 autern
539 2565 635 2595 quare
659 2565 723 2585 non
748 2562 883 2595 possunt
906 2565 971 2585 esse
995 2555 1147 2594 imagines
1171 2555 1401 2585 astronomicae
1426 2556 1464 2585 de
1489 2576 1490 2599 ζ

409 2609 543 2630 numero
567 2609 741 2635 causarum,
767 2598 950 2638 assignatur,
968 2610 1004 2629 ex
1028 2606 1112 2639 parte
1137 2600 1265 2639 agentis,
1291 2599 1365 2639 quia
1390 2606 1465 2629 sunt
1489 2603 1490 2633 ζ

409 2654 427 2673 a
443 2643 648 2683 conceptione
665 2642 801 2679 artificis;
823 2653 859 2672 ex
874 2650 960 2683 parte
978 2653 1088 2673 causae
1105 2643 1254 2680 formalis,
1269 2643 1342 2684 quia
1362 2643 1465 2673 forma
1488 2639 1490 2694 ς

409 2686 616 2717 artificialium
641 2693 686 2717 est
709 2687 798 2723 ordo,
816 2687 1006 2726 compositio
1031 2695 1085 2718 aut
1107 2686 1216 2727 figura,
1233 2697 1313 2728 quae
1333 2696 1398 2717 non
1418 2695 1464 2719 est
1488 2698 1489 2739 ἢ

408 2731 598 2771 principium
627 2730 757 2761 actionis
786 2731 946 2761 naturalis.
977 2731 1045 2761 Hae
1069 2731 1204 2761 rationes
1227 2731 1287 2767 hic,
1313 2738 1343 2762 et
1366 2731 1397 2761 in
1423 2731 1463 2761 III
1487 2741 1489 2775 γ’

411 2775 531 2805 Contra
557 2775 666 2812 Gent.,
691 2785 758 2814 cap.
781 2785 834 2810 cv,
861 2781 890 2805 et
917 2775 949 2804 in
977 2775 1122 2811 Quolibet
1141 2776 1213 2811 XII,
1239 2782 1294 2806 art.
1318 2776 1364 2811 13,
1390 2782 1464 2806 sunt

409 2818 612 2849 fundamenta
628 2818 849 2849 conclusionis.
874 2819 934 2849 Sed
959 2819 1016 2849 hae
1032 2820 1167 2850 rationes
1187 2829 1252 2849 non
1269 2820 1464 2850 concludunt
1487 2817 1488 2854 l

408 2862 580 2893 necessario
604 2862 771 2893 intentum.
797 2862 960 2899 Quoniam
983 2864 1091 2904 quoad
1116 2874 1242 2894 causam
1266 2863 1462 2900 efficientem,

409 2907 521 2937 dicitur
536 2907 623 2947 quod
643 2906 723 2936 sicut
741 2907 791 2936 hic
809 2907 900 2937 homo
916 2913 1096 2947 generatur
1111 2909 1150 2938 ab
1168 2908 1293 2938 homine
1309 2913 1338 2938 et
1356 2908 1423 2938 sole
1433 2908 1461 2945 *‚

409 2950 450 2981 ita
473 2951 549 2980 haec
571 2950 676 2990 imago
700 2949 734 2980 fit
757 2951 795 2980 ab
819 2950 934 2981 artifice
959 2958 988 2981 et
1012 2952 1135 2982 caelesti
1159 2961 1304 2992 corpore:
1330 2962 1404 2982 cum
1424 2952 1464 2982 sit

410 3004 491 3034 opus
515 2994 687 3034 corporale,
712 3004 746 3024 ac
770 3004 824 3034 per
847 2994 908 3025 hoc
932 2995 1108 3026 subiectum
1133 2996 1255 3026 caelesti
1279 2996 1404 3026 actioni.

465 3038 580 3074 Quoad
596 3047 722 3068 causam
736 3047 810 3068 vero
831 3038 1006 3075 formalem,
1023 3039 1135 3070 dicitur
1153 3040 1267 3079 primo,
1284 3040 1374 3080 quod
1391 3040 1464 3070 licet
1487 3065 1488 3090 1

410 3081 509 3120 figura
523 3091 588 3111 non
605 3081 643 3111 sit
666 3081 856 3121 principium
871 3083 1001 3113 actionis
1024 3084 1182 3120 naturalis,
1200 3091 1245 3114 est
1264 3091 1369 3114 tamen
1391 3094 1464 3114 con·
1487 3095 1489 3121 ζ

410 3124 600 3164 principium
624 3125 754 3155 actionis
778 3126 938 3162 naturalis,
964 3133 999 3156 ut
1022 3134 1106 3166 patet
1128 3127 1159 3157 in
1185 3135 1275 3158 motu
1299 3128 1462 3167 gravium:
1488 3148 1489 3174 ¹

410 3169 494 3199 idem
517 3179 655 3209 namque
671 3178 771 3208 grave,
797 3176 873 3208 puta
895 3169 1022 3206 ferrum,
1047 3171 1071 3200 si
1094 3171 1173 3201 latae
1198 3171 1235 3201 sit
1257 3171 1385 3211 figurae,
1410 3182 1463 3202 na·
1488 3175 1489 3226 l

410 3220 454 3243 tat
476 3213 508 3242 in
532 3221 631 3252 aqua;
657 3212 681 3242 si
696 3220 814 3249 acutae,
832 3213 1051 3253 submergitur.
1076 3214 1219 3245 Coefficit
1236 3225 1320 3255 ergo,
1337 3216 1386 3245 vel
1405 3215 1464 3245 irn-
1488 3233 1489 3248 2

410 3256 496 3296 pedit
517 3255 617 3296 figura
639 3256 814 3286 naturalem
834 3263 971 3287 motum.
995 3259 1136 3298 Apparet
1154 3268 1284 3298 quoque
1300 3258 1463 3289 manifeste
1488 3265 1490 3301 ξ

410 3300 441 3329 in
465 3300 678 3330 instrumentis
697 3300 812 3331 artium
835 3307 991 3341 quantum
1008 3308 1195 3341 cooperetur
1210 3301 1324 3342 figura:
1350 3309 1385 3333 ut
1408 3313 1462 3342 pa·
1489 3322 1490 3338 ᾖ

410 3350 453 3373 tet
481 3344 513 3373 in
537 3354 617 3373 serra
641 3351 670 3374 et
693 3344 887 3375 huiusmodi.
912 3363 932 3367 —
955 3345 1076 3375 Dicitur
1099 3346 1253 3382 secundo,
1278 3347 1364 3387 quod
1392 3346 1465 3377 licet
1489 3346 1491 3382 ᾗ

410 3386 518 3426 figura,
537 3387 726 3427 inquantum
749 3388 847 3428 figura
872 3395 901 3419 et
923 3388 1114 3429 inquantum
1138 3389 1311 3426 artificialis,
1336 3400 1400 3420 non
1425 3391 1465 3420 sit
1489 3390 1491 3431 Q

412 3430 540 3460 actionis
564 3431 769 3471 principium;
794 3432 984 3473 inquantum
1008 3440 1114 3463 tamen
1137 3433 1242 3473 imago
1267 3434 1405 3465 caelestis
1428 3433 1463 3464 fi·
1489 3433 1491 3473 ξ

411 3483 515 3513 gurae,
539 3474 615 3513 gerit
638 3475 738 3505 vicem
762 3476 844 3506 illius
867 3476 956 3507 cuius
980 3484 1026 3508 est
1049 3477 1164 3516 imago.

467 3518 506 3547 Et
528 3518 570 3547 sic
594 3526 731 3549 remanet
755 3520 896 3559 quaestio
922 3521 1069 3561 ambigua
1092 3521 1281 3561 simpliciter.

1518 2512 1595 2541 ciem
1619 2512 1799 2552 artificiati,
1824 2511 1908 2552 quod
1930 2511 2117 2552 adipiscitur
2140 2513 2287 2542 virtutem
2312 2521 2354 2542 ex
2375 2512 2487 2542 stellis.
2517 2511 2582 2543 Sed

1517 2555 1556 2585 de
1580 2556 1694 2586 litteris
1717 2556 1829 2596 quibus
1853 2556 2037 2586 inscribitur
2058 2556 2180 2596 aliquid
2203 2557 2235 2586 in
2256 2557 2409 2596 imagine,
2435 2556 2485 2586 vel
2507 2556 2580 2587 cha-

1518 2600 1705 2636 racteribus,
1731 2600 1810 2630 nihil
1832 2600 1923 2634 aliud
1940 2605 2046 2639 potest
2068 2599 2131 2630 dici
2153 2610 2249 2641 quam
2274 2600 2358 2640 quod
2378 2601 2475 2640 signa
2493 2605 2580 2631 sunt.

1517 2643 1604 2673 Haec
1627 2643 1679 2674 ibi.
1705 2661 1725 2666 -
1750 2643 1781 2674 Si
1797 2653 1872 2673 vero
1889 2650 2032 2674 retractat
2047 2643 2106 2674 ista
2121 2643 2164 2674 ibi
2181 2643 2271 2680 dicta,
2289 2644 2408 2674 mirum
2424 2650 2471 2674 est
2491 2644 2582 2685 quod

1516 2697 1583 2717 non
1606 2687 1785 2726 meminerit
1803 2687 1898 2718 huius
1921 2687 2118 2724 obiectionis,
2138 2697 2193 2718 seu
2218 2687 2384 2724 evasionis,
2403 2688 2441 2718 de
2465 2687 2581 2725 consti-

1516 2731 1639 2762 tutione
1662 2731 1780 2771 figurae
1803 2732 1994 2772 inquantum
2018 2731 2200 2772 specificans
2223 2739 2279 2763 est.

1571 2776 1624 2806 IV.
1648 2775 1768 2806 Ordine
1792 2777 1984 2816 retrogrado,
2009 2777 2233 2816 respondendo
2257 2776 2297 2806 ad
2321 2776 2498 2807 secundum
2521 2777 2582 2807 du-

1516 2819 1603 2849 bium
1620 2819 1646 2856 *,
1671 2820 1760 2860 quod
1779 2827 1825 2851 est
1849 2820 1888 2850 ad
1911 2820 2086 2857 hominem,
2111 2820 2224 2851 dicitur
2247 2821 2345 2861 quod,
2363 2821 2535 2852 cum-clare
2549 2827 2582 2853 et

1515 2870 1620 2903 aperte
1642 2864 1675 2894 in
1694 2864 1753 2895 hac
1771 2864 1871 2895 littera
1889 2865 2095 2895 concludatur
2110 2865 2326 2896 universaliter
2341 2865 2430 2906 quod
2444 2874 2580 2906 corpora

1515 2908 1700 2948 artificialia
1713 2918 1754 2939 ex
1769 2909 1976 2949 impressione
1992 2906 2174 2940 caelestium
2192 2919 2361 2950 corporum
2379 2909 2501 2940 nullam
2519 2909 2583 2940 vir-

1516 2957 1612 2982 tutem
1627 2953 1808 2982 sortiuntur
1822 2954 2010 2993 inquantum
2034 2958 2110 2984 sunt
2121 2953 2321 2992 artificialia,
2338 2953 2395 2984 sed
2409 2953 2511 2984 solum
2531 2962 2579 2984 se-

1487 3013 1488 3028 :
1516 2996 1654 3026 cundum
1670 2998 1838 3027 materiam
1854 2999 2035 3028 naturalem
2044 3005 2058 3035 ,⁴
2076 3004 2107 3028 et
2122 2997 2197 3028 huic
2213 2997 2411 3028 conclusioni
2427 3003 2582 3038 repugnet

1515 3040 1595 3070 illud
1619 3041 1705 3081 quod
1731 3051 1767 3071 ex
1790 3041 1872 3071 libro
1899 3041 2019 3072 Contra
2045 3041 2162 3072 Gentes
2185 3041 2324 3078 affertur,
2349 3042 2468 3072 scilicet
2490 3041 2580 3082 quod

1516 3084 1724 3122 artificiatutn‚
1750 3085 1940 3125 inquantum
1957 3086 2159 3117 constituitur
2172 3086 2206 3116 in
2226 3086 2339 3126 specie,
2364 3085 2515 3127 suscipiat
2531 3085 2581 3116 in-

1516 3128 1639 3159 fluxum
1659 3129 1840 3159 caelestem:
1860 3147 1881 3152 —
1905 3130 2060 3170 quoniam
2076 3130 2226 3161 constitui
2241 3130 2275 3161 in
2299 3130 2401 3171 specie
2426 3129 2582 3161 artificiati

1516 3172 1664 3203 convenit
1687 3173 1814 3212 corpori
1832 3173 1983 3204 artificiali
2002 3174 2193 3215 inquantum
2210 3173 2377 3212 artificiale,
2397 3174 2499 3205 immo
2518 3173 2581 3206 hoc

1517 3223 1562 3246 est
1586 3217 1776 3246 constituere
1799 3217 1905 3256 ipsum
1923 3227 2038 3258 corpus
2061 3218 2094 3248 in
2113 3218 2167 3249 tali
2184 3228 2251 3249 esse
2267 3217 2435 3255 artificiali;
2460 3224 2491 3249 et
2513 3227 2581 3249 rur·

1517 3270 1580 3296 sus,
1597 3260 1659 3290 hoc
1674 3270 1739 3290 non
1755 3261 1904 3292 convenit
1919 3261 2081 3293 artificiato
2102 3262 2209 3293 solum
2225 3263 2402 3293 secundum
2416 3261 2578 3293 materiam

1518 3304 1709 3340 naturalem,
1735 3305 1789 3334 sed
1812 3305 1933 3336 ratione
1952 3305 2079 3345 figurae,
2096 3317 2178 3347 quae
2202 3314 2249 3337 est
2271 3306 2391 3338 forma:
2422 3306 2456 3336 in
2479 3305 2580 3337 littera

1517 3355 1624 3378 autem
1648 3358 1790 3388 expresse
1807 3348 1919 3379 dicitur
1942 3351 2030 3390 quod
2052 3361 2117 3380 non
2133 3351 2309 3382 sortiuntur
2324 3351 2516 3392 inquantum
2532 3360 2580 3380 ar-

1515 3391 1660 3428 tificialia,
1674 3393 1727 3422 sed
1745 3392 1851 3422 solum
1870 3395 2046 3424 secundum
2062 3394 2225 3425 materiam
2241 3395 2434 3426 naturalem:
2450 3411 2470 3416 —
2493 3394 2578 3435 quia,

1517 3435 1666 3476 inquam,
1692 3437 1772 3467 clare
1796 3444 1925 3477 apparet
1947 3438 2080 3469 intentio
2103 3439 2251 3470 Auctoris
2281 3438 2314 3469 in
2337 3438 2455 3474 littera,
2480 3448 2578 3478 quam

1518 3480 1659 3510 condidit
1682 3487 1755 3519 post
1779 3481 1875 3511 libros
1893 3482 2013 3513 Contra
2032 3483 2158 3521 Gentes,
2177 3490 2213 3514 ut
2235 3483 2269 3513 in
2283 3481 2440 3522 principio
2455 3481 2578 3512 Primae

1517 3524 1615 3554 Partis
1635 3524 1652 3543 '¹‘
1675 3524 1742 3564 ipse
1771 3525 1925 3562 insinuat,
1951 3526 2056 3557 dicens
2084 3527 2174 3567 quod
2204 3535 2270 3556 non
2297 3526 2403 3556 solum
2434 3536 2492 3566 pro
2521 3527 2577 3557 do·
2606 3528 2724 3557 'Proba-

2607 2826 2618 2837 ·
2631 2825 2820 2854 Nummi-ecee.
2847 2819 2850 2821 '
