2860 4244
866 281 1132 326 QUAESTIO
1162 282 1409 329 LXXXVIII,
1439 283 1735 320 ARTICULUS
1764 284 1848 320 VIII

272 359 397 405 1511115,
428 359 495 396 sed
525 359 649 396 solum
678 359 727 396 ad
755 359 794 396 id
819 359 924 408 quod
953 366 1008 395 est
1027 359 1186 395 omnino
1206 359 1245 396 in
1264 373 1333 397 sua
1358 365 1360 396 i

273 419 469 462 potestate.
500 411 745 471 Quicumque
773 419 901 449 autem
921 419 977 448 est
996 412 1186 448 subiectus
1209 413 1331 460 alicui,
1359 428 1360 444 ι

273 473 459 524 quantum
478 466 527 502 ad
547 465 615 502 id'
607 477 646 502 1n
665 477 743 513 quo
765 473 819 502 est
842 463 1044 512 subiectus,
1064 477 1143 502 non
1168 473 1222 502 est
1242 478 1333 502 suae

273 518 468 568 potestatis
495 519 619 555 facere
638 518 744 566 quod
771 519 863 566 vult,
885 518 951 555 sed
981 517 1171 566 dependet
1199 531 1243 555 ex
1264 532 1333 556 vo·
1359 525 1361 548 ἲ

273 573 416 608 luntate
444 571 607 608 alterius.
636 571 686 608 Et
705 571 791 608 ideo
811 583 889 607 non
908 578 1033 620 potest
1054 583 1093 607 se
1113 583 1181 619 per
1198 580 1334 609 votum

273 624 433 662 firmiter
451 624 630 672 obligare,
650 624 689 660 in
708 623 766 660 his
785 624 823 660 in
842 623 980 672 quibus
1000 623 1104 660 alteri
1128 625 1333 672 subiicitur,

274 678 355 715 sine
384 689 574 714 consensu
602 676 660 713 sui
689 676 903 725 superioris.
1360 708 1361 712 ,

327 733 385 767 An
414 741 551 767 PRtMUM
583 741 680 766 ERGO
714 741 898 767 DICENDUM
935 729 1042 778 quod
1076 730 1146 766 sub
1175 729 1335 779 prornis-
1360 744 1361 759 ι

275 783 382 820 510115
410 783 494 820 1)50
524 782 621 820 facta
648 795 727 819 non
756 783 855 820 cadit
882 783 952 833 nisi
981 783 1085 831 quod
1114 790 1169 819 est
1195 783 1335 820 virtuo-
1360 789 1362 804 ¹

275 848 383 882 sum,
412 843 453 872 ut
480 847 595 884 supra
622 835 643 857 *
671 836 811 873 dictum
841 844 907 873 est.
945 837 1013 873 Est
1041 844 1168 873 autern
1204 843 1335 873 contra

274 889 452 926 virtutem
485 895 528 924 ut
554 887 593 925 id
630 889 735 937 quod
772 897 827 926 est
863 889 1014 926 alterius
1050 889 1169 926 homo
1199 888 1334 925 offerat

239 959 245 971 ν
275 943 373 989 Deo,
402 948 443 978 ut
470 953 585 990 supra
603 941 623 963 ’¹‘
652 942 792 979 dictum
822 950 888 980 est.
918 943 967 979 Et
994 942 1081 979 ideo
1110 953 1188 979 non
1210 949 1336 990 potest

275 995 434 1032 omnino
455 993 592 1032 salvari
612 1000 630 1016 ‘²
655 996 749 1032 ratio
768 995 860 1042 voti,
882 1007 971 1032 cum
990 994 1075 1044 quis
1094 994 1132 1031 in
1151 1001 1335 1044 potestate
1360 1005 1362 1023 ³

276 1047 498 1085 constitutus
517 1055 636 1085 vovet
653 1048 691 1085 id
711 1049 816 1098 quod
837 1056 892 1086 est
909 1049 947 1085 in
966 1055 1150 1098 potestate
1171 1047 1334 1096 alterius,

275 1101 346 1139 nisi
382 1102 453 1138 sub
482 1101 699 1138 conditione
736 1101 765 1138 si
793 1102 851 1138 ille
889 1101 938 1139 ad
966 1101 1071 1138 cuius
1108 1109 1335 1149 potestatem
1361 1106 1363 1156 ζ

275 1154 436 1203 pertinet
463 1166 542 1191 non
570 1154 813 1191 contradicat.

328 1209 388 1244 AD
403 1218 593 1245 SECUNDUM
611 1218 795 1244 mcENDUM
815 1207 920 1256 quod
940 1218 985 1243 ex
1000 1218 1078 1254 quo
1097 1207 1217 1243 homo
1233 1206 1338 1244 venit

276 1260 324 1298 ad
349 1269 470 1297 annos
495 1260 712 1319 pubertatis,
733 1260 763 1296 si
790 1260 836 1297 sit
853 1260 993 1297 liberae
1019 1260 1255 1320 conditionis,
1282 1268 1337 1297 est

276 1315 367 1351 suae
394 1313 589 1362 potestatis
608 1318 793 1362 quantum
822 1313 871 1350 ad
891 1326 936 1350 ea
956 1325 1054 1363 quae
1081 1313 1270 1362 pertinent
1288 1314 1337 1351 ad

275 1377 385 1403 suam
407 1378 642 1420 gersonem:
671 1374 764 1415 puta
791 1366 896 1415 quod
925 1366 1064 1426 obliget
1099 1379 1139 1403 se
1168 1367 1338 1415 religioni

272 1424 367 1468 per
375 1419 533 1467 votum,
562 1420 624 1456 vel
658 1421 763 1468 quod
801 1420 1090 1456 matrimonium
1129 1421 1335 1458 contrahat.
1363 1431 1365 1440 ¹

275 1472 366 1509 Non
382 1480 510 1510 autem
527 1480 581 1509 est
601 1485 691 1510 suae
710 1473 905 1522 potestatis
920 1481 1104 1522 quantum
1126 1473 1172 1509 ad
1189 1473 1338 1522 dispen-

329 1603 357 1635 α)
376 1603 485 1631 salvari.
496 1616 516 1623 —·
533 1603 637 1628 servari
655 1603 685 1627 P.
697 1616 716 1622 —
735 1582 798 1628 Post
811 1606 946 1636 potestate
965 1603 1035 1628 PGH
1056 1604 1153 1628 addunt
1170 1604 1290 1629 alterius.

321 1637 355 1672 β)
374 1638 436 1664 nisi.
447 1652 467 1658 —
485 1638 521 1664 sit
538 1638 637 1664 addunt
654 1638 725 1664 PDa.

2371 287 2445 332 257

1387 361 1572 398 sationem
1594 361 1856 412 domesticam.
1885 362 1997 399 Unde
2017 361 2114 399 circa
2132 363 2207 399 hoc
2227 376 2304 400 non
2324 372 2448 413 potest

1387 415 1529 462 aliquid
1548 427 1693 452 vovere
1713 415 1818 464 quod
1846 414 1892 451 sit
1917 422 2053 462 ratum,
2075 415 2154 452 sine
2175 428 2364 454 consensu
2381 430 2448 466 pa-

1359 468 1462 504 tris.
1479 489 1503 495 -
1524 468 1665 504 Servus
1690 476 1830 515 autern,
1851 467 1942 516 quia
1963 476 2017 505 est
2042 469 2079 506 in
2099 475 2283 518 potestate
2304 471 2447 508 domini

1389 521 1501 557 etiam
1530 528 1714 569 quantum
1752 521 1800 558 ad
1828 522 2047 570 personales
2080 523 2340 571 operationes,
2370 537 2448 561 non

1387 580 1511 622 potest
1539 586 1579 609 se
1599 582 1691 611 voto
1713 573 1880 621 obligare
1909 575 1955 612 ad
1977 575 2213 623 religionem,
2242 589 2311 625 per
2330 590 2447 625 quam

1388 626 1436 662 ab
1466 626 1652 674 obsequio
1682 627 1827 663 domini
1856 627 1914 664 sui
1942 628 2233 666 abstraheretur.
2266 640 2268 642 ’

1440 680 1498 715 An
1520 690 1680 716 TERT11JM
1708 691 1893 717 11155111)οΜ
1922 682 2025 729 quod
2054 681 2248 730 religiosus
2278 683 2449 720 subditus

1389 738 1444 768 est
1471 732 1639 780 praelato
1660 740 1845 779 quantum
1874 734 1922 770 ad
1948 746 2036 771 suas
2056 735 2295 783 operationes
2315 749 2448 785 secun-

1388 785 1482 821 dum
1509 785 1787 833 professionem
1817 787 1980 834 regulae.
2012 789 2061 826 Et
2079 787 2166 825 ideo
2188 789 2298 826 etiam
2329 790 2358 827 si
2387 791 2450 827 ali-

1388 837 1473 884 quis
1493 837 1539 873 ad
1554 838 1690 874 horam
1709 839 1853 886 aliquid
1867 840 1989 876 facere
1998 841 2123 899 possit
2142 842 2297 889 quando
2313 844 2361 880 ad
2377 843 2448 880 alia

1388 902 1466 926 non
1482 898 1690 938 occupatur
1708 903 1730 927 a
1744 893 1926 940 praelato,
1942 893 2031 940 quia
2050 902 2179 931 tamen
2194 896 2339 933 nullum
2355 905 2449 934 tem-

1387 954 1459 991 pus
1479 950 1535 979 est
1550 951 1750 992 exceptum
1771 944 1809 981 in
1829 957 1905 993 quo
1926 947 2115 994 praelatus
2129 960 2207 985 non
2226 949 2346 996 possit
2360 963 2448 986 eum

1389 995 1487 1032 circa
1506 996 1647 1055 aliquid
1667 1009 1867 1056 occupare,
1889 999 2032 1036 nullum
2050 1009 2185 1037 votum
2215 1001 2376 1050 religiosi
2397 1011 2452 1040 est

1388 1048 1543 1086 firmum
1564 1049 1632 1086 nisi
1663 1050 1708 1086 sit
1737 1047 1783 1087 de
1804 1063 1992 1088 consensu
2021 1054 2174 1100 praelati
2193 1053 2224 1091 ³¹⁸.
2256 1055 2361 1093 Sicut
2380 1069 2450 1093 nec

1388 1109 1523 1139 votum
1545 1103 1693 1150 puellae
1714 1103 1903 1140 existentis
1923 1104 1961 1141 in
1987 1105 2117 1152 domo,
2139 1107 2208 1143 nisi
2228 1107 2274 1144 sit
2293 1108 2340 1145 de
2361 1122 2450 1146 con-

1361 1157 1363 1174 ³
1389 1167 1503 1192 sensu
1531 1155 1664 1203 patris:
1694 1168 1764 1192 nec
1787 1157 1927 1204 uxoris,
1950 1156 2048 1194 nisit
2076 1159 2123 1196 de
2153 1172 2340 1198 consensu
2367 1163 2448 1199 viri.

1442 1211 1500 1245 An
1525 1220 1699 1251 QUARTUM
1719 1221 1904 1247 DICENDUM
1924 1211 2030 1259 quod
2053 1211 2138 1248 licet
2155 1221 2289 1250 votum
2317 1226 2450 1252 eorum

1390 1262 1455 1309 qui
1483 1269 1570 1299 sunt
1598 1262 1747 1300 alterius
1775 1264 1950 1312 potestati
1988 1264 2145 1302 subiecti
2163 1271 2179 1294 Υ
2208 1279 2286 1304 non
2315 1268 2361 1304 sit
2387 1269 2451 1305 fir-

1390 1327 1498 1352 mum
1528 1315 1610 1352 sine
1640 1328 1829 1353 consensu
1859 1329 1993 1354 eorum
2022 1318 2161 1379 quibus
2194 1320 2451 1367 subiiciuntur,

1391 1381 1470 1405 non
1489 1376 1618 1405 tamen
1636 1377 1797 1418 peccant
1815 1371 2013 1408 vovendo:
2039 1372 2128 1419 quia
2148 1373 2186 1409 In
2206 1385 2340 1411 eorum
2359 1382 2452 1411 voto

1392 1421 1604 1469 intelligitur
1632 1422 1758 1460 debita
1787 1423 1973 1470 conditio,
2003 1424 2142 1462 scilicet
2179 1426 2209 1462 si
2238 1427 2314 1464 suis
2343 1440 2453 1476 supe-

1393 1474 1554 1511 rioribus
1581 1476 1776 1523 placuerit,
1802 1477 1867 1513 vel
1895 1489 1973 1514 non
2002 1478 2217 1516 renitantur.

1446 1605 1472 1638 γ)
1491 1605 1609 1631 subiecti.
1622 1620 1638 1625 -
1659 1607 1760 1632 subditi
1778 1607 1824 1631 Pa.

950 1727 1282 1760 Commentario.
1304 1727 1555 1761 cardinalis
1576 1729 1777 1763 Caietani

306 1826 327 1847 u
339 1815 472 1848 articulo
489 1822 602 1847 octavo
618 1816 761 1847 eiusdem
779 1817 1122 1856 octogesimaeoctavae
1142 1817 1338 1858 quaestionis

307 1861 442 1893 dubium
457 1860 602 1897 occurrit,
616 1870 660 1891 an¹
668 1868 780 1892 votum
797 1861 913 1892 subditi
926 1861 964 1891 de
977 1871 1016 1892 eo
1031 1861 1065 1892 in
1079 1871 1146 1902 quo
1162 1861 1336 1898 subiicitur,

277 1904 394 1945 obliget
409 1905 573 1936 subditum
589 1905 629 1935 ad
645 1906 778 1936 mortale
794 1911 965 1946 antequam
980 1906 1156 1936 innotescat
1171 1906 1336 1946 superiori.

276 1949 371 1982 Verbi
393 1949 502 1989 gratia,
525 1956 620 1980 vovet
642 1949 808 1990 religiosus
823 1950 966 1991 quotidie
990 1950 1091 1981 dicere
1114 1957 1235 1990 septem
1257 1950 1338 1991 psal-

276 2003 347 2025 mos
371 1994 628 2034 poenitentiales,
652 2004 710 2025 nec
733 1994 795 2025 hoc
817 2001 930 2025 votum
953 1994 1070 2026 indicat
1092 1995 1232 2035 praelato
1261 2004 1337 2026 suo:

276 2037 303 2068 si
325 2037 451 2069 interim
473 2038 699 2078 transgreditur
721 2039 782 2069 tale
805 2045 934 2076 votum,
959 2049 1000 2069 an
1023 2046 1131 2080 peccet
1153 2039 1338 2071 mortaliter.

275 2126 337 2157 tale
359 2133 482 2164 votum,
499 2137 669 2169 usquequo
692 2128 868 2159 innotescat
884 2128 1034 2168 praelato,
1051 2138 1118 2159 non
1134 2135 1181 2160 est
1193 2128 1338 2160 firmum:

276 2177 312 2202 ut
334 2177 436 2211 patet,
470 2178 501 2202 et
527 2171 562 2202 in
583 2173 686 2203 littera
709 2172 822 2204 dicitur
851 2172 884 2202 in
911 2173 1118 2213 responsione
1147 2174 1187 2204 ad
1211 2174 1338 2204 tertium

276 2221 308 2247 et
325 2215 366 2246 ad
381 2222 542 2256 quartum.
566 2217 608 2247 Et
623 2217 649 2247 si
665 2227 731 2248 non
748 2224 795 2248 est
809 2216 949 2253 firmum,
966 2227 1040 2257 ergo
1065 2227 1130 2248 non
1151 2224 1197 2249 est
1210 2225 1338 2249 votum:

276 2259 432 2300 quoniam
455 2261 494 2291 de
508 2261 630 2292 ratione
644 2261 711 2292 voti
735 2269 781 2292 est
803 2260 944 2293 firmitas.
969 2262 1010 2292 Et
1030 2261 1056 2292 si
1072 2272 1138 2292 non
1155 2269 1201 2293 est
1214 2270 1339 2300 votum,

276 2313 351 2343 ergo
367 2314 433 2335 non
450 2305 544 2335 habet
558 2305 624 2335 vim
640 2305 842 2346 obligativam
860 2305 899 2336 ad
915 2306 1059 2337 mortale.
1071 2306 1138 2336 -In
1154 2307 1341 2347 oppositum

276 2392 316 2423 ad
335 2393 478 2424 mortale.

275 2436 310 2468 iu
330 2437 432 2468 littera
456 2437 569 2468 dicitur
591 2438 624 2469 in
647 2439 854 2479 responsione
885 2439 924 2469 ad
947 2439 1108 2470 ultimum.
1133 2440 1174 2470 Et
1197 2440 1338 2471 conditio

277 2487 374 2512 extat:
395 2491 471 2512 nam
487 2482 628 2513 conditio
642 2483 859 2514 subintellecta
871 2490 927 2520 est,
940 2483 965 2513 si
982 2483 1126 2523 superior
1140 2494 1206 2514 non
1217 2492 1338 2515 contra-

276 2524 396 2562 dixerit,
412 2532 444 2557 et
465 2526 542 2557 haec
565 2534 648 2558 extat
672 2528 813 2568 quandiu
838 2527 982 2567 superior
1006 2528 1106 2559 nescit
1127 2528 1189 2559 tale
1211 2536 1337 2560 votum.

276 2569 361 2610 Ergo
388 2569 575 2602 huiusmodi
597 2578 711 2602 votum
740 2572 859 2611 obligat
882 2572 921 2602 ad
950 2572 1083 2602 mortale
1106 2573 1263 2604 nesciente
1290 2584 1339 2604 su-

277 2613 410 2654 periore.
457 2641 460 2644 .

334 2658 383 2688 Ad
410 2658 599 2689 evidentiam
627 2660 723 2690 huius
754 2659 954 2696 difficultatis,
980 2660 1144 2691 sciendum
1174 2669 1220 2692 est
1250 2662 1339 2703 quod

276 2701 401 2732 bonum
422 2703 710 2743 supererogan‘onis
733 2705 822 2744 quod
853 2704 998 2735 subditus
1020 2712 1131 2741 vovet,
1155 2712 1261 2745 potest
1284 2707 1337 2737 du-

277 2745 397 2786 pliciter
420 2756 452 2777 se
475 2746 589 2777 habere
605 2748 644 2778 ad
668 2748 831 2779 subditum
846 2756 1034 2779 voventem:
1059 2749 1176 2780 scilicet
1199 2757 1235 2780 ut
1256 2751 1339 2781 inhi-

277 2789 413 2826 bitum,'
405 2801 439 2820 in
455 2791 619 2822 communi
635 2792 707 2822 vel'
700 2802 732 2822 in
748 2793 941 2832 particulari;
958 2794 1007 2827 vel
1023 2800 1059 2823 ut
1075 2803 1140 2823 non
1156 2793 1337 2825 inhibitum.

277 2834 382 2866 Habet
404 2834 491 2865 enim
521 2845 554 2865 se
577 2835 617 2865 ad
639 2836 824 2876 religiosum
853 2844 889 2868 ut
918 2837 1089 2868 inhibitum
1119 2837 1152 2867 in
1173 2839 1338 2869 communi
1366 2837 1367 2856 ³

277 2888 359 2919 opus
389 2879 664 2919 peregrinationis,
688 2881 764 2921 quia
787 2891 853 2911 non
883 2887 989 2920 potest
1015 2881 1082 2912 sine
1108 2881 1234 2913 licentia
1258 2883 1339 2913 exire

277 2923 465 2959 claustrmm
489 2930 526 2954 ut
540 2923 711 2955 inhibitum
725 2934 800 2956 vero
819 2925 852 2955 in
867 2925 1056 2965 particulari,
1073 2935 1156 2965 opus
1172 2926 1339 2957 mortifica-

276 2967 372 2999 tionis
394 2967 589 2998 verberando
619 2978 668 3005 se,
693 2975 723 2998 et
745 2968 947 3005 huiusmodi,
972 2969 997 2999 si
1020 2979 1039 2999 a
1055 2969 1200 3010 ¹praelato
1231 2971 1339 3010 prohi-

276 3012 391 3042 bentur
405 3011 471 3042 fieri
496 3012 562 3042 sine
582 3022 640 3043 sua
661 3013 799 3050 licenfia;
824 3020 860 3044 ut
875 3023 940 3043 non
963 3012 1134 3044 inhibitum
1154 3023 1239 3051 vere,
1256 3024 1339 3054 opus

277 3055 430 3086 orationis
446 3056 575 3107 quando
600 3056 659 3087 sibi
681 3064 778 3088 vacat.
804 3057 836 3088 Si
859 3057 953 3097 igitur
977 3057 1121 3088 subditus
1137 3064 1232 3088 vovet
1255 3068 1338 3099 opus

277 3100 563 3140 supererogatIonis
579 3100 760 3138 inhibitum,
780 3101 1024 3141 subintelligitur
1039 3101 1179 3132 conditio
1203 3101 1337 3133 affirma-

277 3144 349 3180 tiva,
365 3144 493 3181 scilicet,
509 3145 534 3176 si
550 3145 693 3185 superior
709 3146 915 3177 consenserit:
940 3145 1094 3197 quoniam
1109 3146 1197 3176 aliter
1209 3147 1338 3177 materia

276 3185 342 3219 voti
360 3198 425 3219 non
441 3191 522 3220 esset
538 3199 620 3229 opus
635 3189 829 3226 virtuosum;
845 3200 928 3230 opus
943 3190 1029 3220 enim
1043 3190 1224 3227 inhibitum,
1238 3197 1339 3222 stante
1364 3198 1366 3208 ¹

276 3233 474 3269 inhibitione,
490 3240 612 3264 constat
626 3243 692 3264 non
707 3244 774 3265 esse
789 3245 873 3275 opus
888 3235 1078 3265 virtuosum.
1096 3235 1218 3266 Votum
1230 3242 1337 3266 autem

277 3284 324 3308 est
340 3277 510 3318 promissio
525 3277 606 3309 facta
620 3278 700 3314 Deo,
720 3285 750 3310 et
766 3289 832 3310 non
848 3279 940 3310 debet
956 3289 1023 3310 esse
1042 3279 1220 3310 ridiculosa.
1245 3280 1337 3311 Unde

277 3328 401 3352 tenetur
416 3322 560 3353 subditus
585 3332 776 3353 consensum
798 3323 968 3364 superioris
991 3323 1148 3364 requirere
1165 3330 1337 3364 antequam

278 3365 317 3396 sit
338 3366 372 3396 in
395 3376 486 3396 mora
508 3366 708 3407 persolvendi
724 3373 850 3398 votum:
876 3367 935 3398 nisi
951 3367 1037 3398 enim
1052 3368 1120 3408 ipse
1140 3368 1337 3408 superiorem

277 3417 434 3441 teneretur
449 3411 605 3451 requirere
621 3411 660 3442 de
678 3411 843 3442 relaxanda
860 3411 1048 3442 inhibitione
1063 3422 1119 3443 seu
1136 3413 1337 3443 concedenda
1363 3453 1364 3456 Ἰ

277 3454 411 3491 licentia,
427 3465 508 3486 vana
523 3462 553 3486 et
569 3455 738 3486 ridiculosa
747 3462 828 3486 esset
841 3455 1021 3496 promissio.
1031 3474 1052 3479 -
1063 3457 1104 3487 Et
1120 3455 1334 3488 confirmatur.
1362 3458 1364 3474 ¹

278 3498 362 3536 Quia
392 3498 424 3529 in
447 3499 659 3550 promissione
683 3509 765 3540 quae
791 3499 827 3530 fit
849 3499 973 3530 homini
1002 3510 1075 3531 cum
1104 3500 1286 3531 conditione
1309 3501 1336 3531 si

259 3543 470 3574 ,consenserit
498 3544 619 3574 amicus
641 3544 692 3574 vel
716 3550 883 3594 cognatus,
909 3550 977 3580 etc„
1001 3551 1056 3575 aut
1084 3544 1236 3584 implicite
1260 3545 1337 3575 sub-

262 3580 460 3626 'intelligitur
481 3588 553 3629 quis
577 3589 687 3619 debeat
718 3588 874 3629 requirere
902 3597 1109 3625 consensum,
1140 3595 1194 3619 aut
1217 3588 1336 3629 specifi-

418 3649 528 3674 Smmaa
546 3649 826 3675 Tnaor..D.TnoMA11:
844 3649 877 3674 T.
895 3649 937 3674 Vl.

509 2393 570 2424 Sed
593 2394 778 2425 huiusmodi
802 2401 916 2425 votum
946 2401 992 2425 est
1015 2395 1280 2432 conditionatum,
1304 2403 1340 2427 ut
1367 2391 1368 2410 ³

1392 1824 1479 1848 catur
1509 1818 1580 1859 quis
1610 1825 1748 1856 tenetur,
1780 1819 1805 1850 si
1835 1820 1916 1851 inter
1944 1821 2111 1852 rationales
2143 1822 2289 1854 homines
2320 1823 2355 1855 fit
2382 1835 2457 1855 con-

1391 1869 1518 1893 tractus.
1551 1863 1586 1893 In
1605 1869 1682 1893 voto
1706 1871 1814 1894 autem
1837 1865 1918 1895 inter
1940 1865 2106 1896 hominem
2131 1874 2162 1897 et
2183 1868 2289 1898 Deum
2312 1867 2348 1899 fit
2363 1870 2453 1910 quasi

1364 1931 1366 1938 Α
1392 1913 1571 1937 contractus
1599 1907 1747 1948 quidam:
1782 1916 1812 1939 et
1843 1919 1917 1939 cum
1947 1919 2014 1940 non
2040 1918 2222 1961 expectetur
2252 1914 2342 1953 quod
2370 1914 2457 1944 Deus

1364 1963 1366 1979 2
1391 1961 1560 1991 procurare
1588 1952 1699 1982 debeat
1726 1963 1919 1984 consensum
1943 1954 2123 1994 superioris,
2153 1963 2248 1987 restat
2274 1963 2309 1988 ut
2336 1968 2455 1988 vovens

1364 2009 1366 2026 i
1392 2002 1536 2027 teneatur
1558 1996 1598 2026 ad
1629 1997 1800 2037 superioris
1829 2008 2021 2029 consensum
2044 2000 2280 2040 requirendum.
2313 2002 2457 2042 Tempus

1365 2064 1366 2068 ,
1392 2047 1500 2070 autem
1522 2040 1711 2081 requirendi,
1729 2048 1764 2072 ut
1787 2042 1908 2073 dictum
1924 2042 1992 2080 fuit,
2010 2051 2056 2074 est
2075 2051 2246 2085 antequam
2262 2045 2302 2076 sit
2320 2046 2352 2076 in
2367 2057 2457 2077 mora

276 2081 409 2114 Videtur
431 2083 517 2114 enim
540 2083 628 2124 quod
651 2093 718 2114 non
747 2090 870 2124 peccet,
896 2084 1006 2114 saltem
1036 2084 1219 2115 mortaliter.
1255 2085 1340 2122 Quia
1365 2099 1367 2112 ι

1392 2084 1546 2125 implendi
1569 2085 1775 2125 promissum.

1449 2129 1481 2159 Si
1513 2136 1620 2160 autem
1658 2130 1802 2161 subditus
1834 2138 1930 2162 vovet
1960 2142 2042 2172 opus
2072 2133 2358 2173 supererogationis
2391 2145 2457 2164 non

1366 2179 1367 2193 ³
1392 2173 1573 2210 inhibitum,
1591 2181 1667 2205 tunc
1683 2174 1824 2205 conditio
1848 2176 2066 2207 subintellecta
2088 2183 2135 2207 est
2157 2177 2309 2217 negativa,
2330 2178 2456 2215 scilicet,

1394 2217 1419 2247 si
1443 2227 1509 2248 non
1533 2218 1726 2249 contradicat
1741 2219 1894 2259 superior.
1918 2220 1959 2251 Et
1981 2220 2061 2251 ratio
2078 2228 2124 2252 est
2139 2222 2214 2262 quia
2238 2229 2326 2253 actus
2349 2233 2456 2264 super-

1394 2262 1585 2302 erogationis
1615 2263 1670 2303 qui
1695 2271 1740 2294 est
1769 2263 1802 2294 in
1826 2271 1981 2304 potestate
2012 2266 2183 2305 superioris
2210 2276 2277 2296 non
2305 2267 2458 2297 inhibitus

1366 2328 1368 2345 a
1394 2313 1440 2336 est
1467 2316 1538 2337 vere
1567 2313 1654 2337 actus
1684 2308 1828 2339 virtutis:
1859 2315 1889 2339 et
1921 2315 2022 2340 stante
2053 2310 2235 2341 conditione
2263 2321 2339 2341 non
2343 2311 2458 2341 inhibl

277 2355 323 2381 est
345 2349 422 2388 quia
444 2356 558 2380 votum
581 2350 846 2386 conditionatum,
870 2357 993 2381 extante
1009 2350 1202 2387 conditione,
1223 2352 1341 2392 obligat
1367 2349 1368 2367 ³

1393 2350 1499 2386 tionis,
1524 2357 1571 2381 est
1593 2351 1625 2381 in
1649 2359 1804 2392 potestate
1828 2353 1971 2383 voventis
1996 2354 2126 2384 durante
2151 2355 2344 2386 conditione.
2372 2356 2458 2395 Ergo

1394 2401 1498 2434 potest
1518 2405 1585 2425 esse
1601 2397 1730 2427 materia
1748 2397 1822 2428 voti.
1847 2398 1921 2428 Non
1936 2397 2106 2438 requiritur
2130 2408 2204 2438 ergo
2227 2399 2267 2429 ad
2289 2399 2351 2430 hoc
2370 2400 2459 2440 quod

1394 2439 1455 2470 tale
1479 2446 1591 2470 voturn
1607 2441 1647 2472 sit
1662 2451 1734 2471 vere
1748 2448 1862 2472 votum
1885 2442 2150 2479 conditionatum,
2168 2453 2341 2474 consensus
2365 2454 2458 2484 supe-

1393 2483 1500 2513 rioris:
1531 2484 1685 2524 quoniam
1708 2486 1741 2515 in
1765 2486 1855 2516 nullo
1879 2493 2069 2526 potestatem
2093 2487 2263 2527 superioris
2286 2488 2390 2520 laedit.
2419 2489 2460 2519 Et

1393 2535 1559 2568 propterea
1584 2529 1623 2558 ad
1641 2529 1775 2559 dubium
1798 2537 1925 2561 motum
1945 2531 2058 2561 dicitur
2072 2532 2161 2572 quod
2185 2532 2209 2562 si
2229 2532 2373 2563 subditus
2390 2533 2458 2573 qui-

1394 2582 1542 2613 cumque,
1560 2580 1636 2611 puta
1656 2574 1771 2613 puella,
1795 2585 1884 2611 uxor,
1902 2575 2075 2626 religiosus,
2097 2582 2165 2612 etc„
2190 2583 2303 2607 voveat
2326 2587 2392 2607 non
2411 2577 2458 2607 in-

1393 2616 1491 2647 hibita
1507 2627 1588 2657 quae
1606 2625 1680 2648 sunt
1700 2618 1733 2648 in
1750 2626 1904 2659 potestate
1920 2620 2102 2660 superioris,
2125 2627 2248 2651 tenetur
2263 2631 2299 2651 ea
2315 2621 2457 2662 implere,

1393 2661 1556 2701 superiore
1572 2662 1650 2692 nihil
1666 2663 1705 2693 de
1721 2663 1782 2693 hoc
1799 2663 1928 2700 sciente;
1950 2672 1980 2695 et
1995 2672 2102 2704 peccat
2117 2665 2291 2696 mortaliter
2307 2672 2458 2705 transgre-

1394 2705 1526 2742 diendo,
1552 2706 1683 2737 durante
1706 2708 1887 2738 conditione
1911 2719 1992 2738 non·
1979 2709 2249 2740 —contradictionis
2277 2710 2457 2750 superioris.

1450 2750 1491 2780 Et
1521 2750 1560 2780 ad
1584 2751 1796 2782 obiectionem
1826 2752 1859 2782 in
1883 2753 2069 2793 oppositum
2097 2753 2211 2783 dicitur
2233 2755 2321 2794 quod
2345 2761 2457 2784 votum

1393 2793 1454 2824 tale
1478 2804 1543 2824 non
1561 2802 1607 2825 est
1621 2795 1752 2825 firmum
1769 2796 1952 2836 simpliciter
1968 2804 1998 2827 et
2012 2797 2166 2834 absolute,
2184 2798 2259 2838 quia
2283 2808 2348 2828 non
2364 2799 2458 2828 habet

1393 2838 1557 2868 materiam
1587 2849 1669 2879 quae
1693 2840 1837 2870 absolute
1861 2840 1899 2871 sit
1925 2841 1958 2871 in
1982 2847 2137 2881 potestate
2160 2842 2322 2878 voventis,
2348 2843 2402 2872 sed
2424 2843 2456 2872 in

1393 2888 1549 2921 potestate
1572 2883 1715 2914 alterius:
1746 2891 1793 2915 est
1819 2891 1925 2915 tamen
1948 2885 2078 2915 firmum
2102 2885 2234 2916 durante
2262 2865 2454 2917 coriditione.

1392 2926 1433 2956 Et
1468 2934 1635 2966 propterea
1665 2928 1784 2968 obligat
1808 2929 1939 2960 durante
1972 2929 2171 2966 conditione,
2197 2937 2227 2960 et
2250 2940 2315 2960 non
2339 2931 2457 2970 obligat

1392 2970 1547 3000 absolute.

1437 3014 1478 3044 Et
1502 3024 1538 3044 ex
1553 3014 1601 3044 his
1623 3022 1709 3055 patet
1725 3026 1835 3046 sensus
1855 3016 1991 3048 litterae:
2017 3024 2047 3048 et
2061 3027 2158 3059 quare
2174 3020 2296 3049 Auctor
2312 3020 2370 3049 sub
2395 3019 2455 3048 dis-

1392 3057 1554 3089 iunctione
1584 3067 1684 3110 ponat
1712 3060 1929 3091 conditionem
1957 3061 2177 3093 affirmativam
2205 3069 2236 3093 et
2259 3063 2454 3103 negativam,

1392 3101 1526 3132 dicendo
1542 3102 1574 3133 *z
1599 3104 1628 3134 si
1642 3105 1802 3144 superiori
1818 3105 1992 3144 placuerit,
2011 3107 2060 3137 vel
2084 3116 2146 3136 non
2167 3108 2336 3138 renitatur.
2362 3108 2455 3137 Facta

1392 3153 1439 3176 est
1467 3147 1552 3177 enim
1575 3147 1651 3178 haec
1677 3148 1846 3179 disiunctio
1870 3156 2000 3191 propter
2029 3150 2185 3181 diversam
2213 3151 2455 3191 dispositionem

1392 3191 1539 3221 materiae
1557 3192 1732 3232 promissae
1755 3194 1933 3224 secundum
1953 3204 2019 3225 esse
2038 3195 2210 3226 inhibitum
2225 3196 2275 3226 vel
2299 3206 2364 3226 non
2388 3206 2455 3226 esse

1390 3234 1571 3272 inhibitum,
1597 3243 1633 3266 ut
1655 3237 1849 3268 declaratum
1872 3245 1927 3269 est.

1447 3279 1484 3310 11.
1501 3279 1562 3310 Sed
1585 3280 1636 3311 hic
1652 3281 1787 3312 occurrit
1810 3282 1945 3312 dubium
1968 3292 2033 3312 non
2054 3284 2338 3323 pertranseundum
2363 3283 2455 3313 silen-

1391 3323 1447 3359 tio,
1464 3333 1504 3353 an
1519 3325 1689 3364 superioris
1713 3335 1885 3356 consensus
1904 3327 1954 3357 vel
1978 3327 2182 3357 contradictio
2199 3327 2231 3356 in
2247 3327 2329 3358 votis
2347 3327 2454 3358 subdi-

1390 3374 1498 3398 torum
1513 3368 1666 3399 referatur
1688 3370 1728 3399 ad
1752 3380 1835 3410 opus
1851 3371 1940 3411 quod
1962 3377 2008 3401 est
2023 3371 2152 3401 materia
2167 3371 2249 3401 voti:
2275 3381 2314 3401 an
2331 3372 2370 3401 ad
2387 3371 2454 3401 vin-

1390 3412 1500 3442 culum
1523 3413 1599 3444 voti.
1630 3414 1687 3444 Est
1709 3423 1848 3454 namque
1879 3414 2020 3444 dubitare
2044 3415 2082 3444 de
2105 3415 2166 3445 hoc
2189 3425 2354 3455 quaerere,
2381 3425 2454 3446 cum

1389 3455 1461 3496 quis
1477 3457 1622 3487 subditus
1645 3465 1749 3494 vovet,
1766 3458 1852 3488 verbi
1868 3458 1975 3497 gratia,
1993 3458 2278 3498 peregrinationem
2301 3460 2351 3490 vel
2374 3459 2454 3490 ieiu-

1389 3500 1489 3537 nium,
1507 3501 1533 3531 si
1557 3501 1702 3541 superior
1725 3509 1818 3541 negat
1833 3502 1991 3532 licentiam
2014 3502 2236 3542 peregrinandi
2259 3510 2314 3534 aut
2336 3503 2455 3535 inhibet

1388 3544 1554 3581 ieiunium,
1573 3555 1612 3576 an
1636 3552 1778 3576 teneatur
1802 3546 2000 3577 manifestare
2023 3547 2177 3587 superiori
2193 3547 2358 3579 vinculum
2382 3548 2454 3578 facti

1388 3589 1455 3620 voti
1480 3589 1518 3619 de
1542 3589 1620 3619 hoc:
1646 3600 1685 3619 an
1710 3589 1844 3620 sufficiat
1866 3591 1955 3631 quod
1979 3591 2139 3631 superior,
2166 3592 2307 3622 nesciens
2330 3599 2453 3627 votum,

2282 3653 2312 3678 33

2480 1066 2530 1088 ·D.
2547 1072 2606 1094 1207.

2486 3114 2578 3141 Resp.
2593 3114 2620 3135 ad
2635 3122 2658 3140 4.
