2670 4186
186 285 260 319 post
276 283 383 318 potest
397 279 520 309 attendi
542 278 646 319 primo
661 279 733 309 loco
749 284 941 318 sequuntur:
966 287 1031 307 una
1047 278 1172 318 quidem
1189 285 1246 309 etc.

186 322 256 353 Alia
272 322 415 363 exempla
437 323 669 363 resipiscentiae
682 322 798 353 librarii
822 325 889 352 Atr.
907 331 973 352 non
994 322 1117 352 desunt.
1141 323 1248 353 Potuit

186 375 260 406 ergo
283 366 423 397 accidere
446 374 491 403 ut,
515 374 588 407 post
611 367 717 407 plures
740 366 804 396 iam
826 365 924 395 lineas
953 365 1082 405 scriptas
1110 376 1247 397 errorem

185 420 281 440 suum
293 411 465 447 advertens,
479 420 518 441 ne
533 411 628 441 nimis
644 419 822 450 expungere
841 417 1012 449 cogeretur,
1030 411 1079 440 vel
1095 420 1246 450 quacum-

185 463 248 494 que
272 455 403 485 demum
426 455 546 485 ratione
570 455 694 490 ductus,
714 454 831 484 omissa
850 454 990 493 margine
1014 462 1122 484 notare
1146 456 1246 485 malu-

185 498 251 529 erit.
277 499 352 529 Ideo
380 499 537 529 credimus
560 499 788 528 correctionem
803 499 843 528 de
866 507 928 538 qua
949 498 1059 538 agitur,
1078 506 1108 529 et
1131 505 1246 529 ceteras

184 541 216 572 in
233 542 335 573 littera
349 542 444 573 huius
467 542 605 582 scriptas,
622 543 662 572 ab
677 542 748 582 ipso
764 542 890 572 librario
907 542 989 573 oriri.
1015 543 1144 573 Accedit
1158 544 1246 584 quod

184 586 261 616 haec
293 586 443 617 correctio
475 596 574 616 unam
603 587 721 616 malam
749 586 917 616 lectionem
947 587 1054 617 tertiae
1083 587 1189 617 classis
1217 595 1247 618 et

184 639 288 660 unum
310 629 494 661 correctoris
517 639 655 660 errorem
687 630 827 660 exhibet:
852 631 968 661 iudicia
998 641 1056 670 pro
1081 632 1245 662 iudicialia

184 674 266 704 male
292 674 368 714 legit
389 674 493 710 tertia;
519 675 569 704 vel
592 684 650 714 pro
679 676 762 705 sicut
785 685 871 705 error
901 674 1068 705 correctori
1097 675 1245 715 proprius

183 724 246 748 est:
269 717 433 749 librarium
456 718 552 758 igitur
573 721 640 749 Atr.
664 718 741 749 haec
774 719 924 749 correctio
949 719 1039 759 sapit,
1061 719 1246 749 communia

183 762 299 792 menda
321 762 458 803 propriis
481 763 708 794 cumulantem.
733 764 830 793 Manu
847 773 911 804 qua
933 770 1051 793 ceterae
1073 763 1169 793 huius
1185 765 1244 792 Ar·
1271 765 1273 768 '

182 805 270 837 ticuli
293 813 325 837 et
345 807 445 847 vulgo
467 807 566 837 totius
587 807 657 837 libri
681 808 890 838 correctiones
913 807 1045 846 scriptae
1068 813 1151 843 sunt,
1168 806 1245 837 haec

182 849 278 880 etiam
300 847 453 881 correctio
475 851 590 882 iterum
615 859 752 882 correcta
776 858 835 888 est,
862 858 893 882 et
915 851 1045 891 quidem
1068 851 1245 881 secundum
1271 858 1273 886 ξ

180 893 351 925 lectionem
374 895 494 935 primae
518 895 633 926 classis.
659 896 693 926 ln
717 895 875 926 columnis
902 895 1164 925 recorrectionem
1187 904 1244 925 no-

181 945 247 969 tare
263 947 328 969 non
352 939 528 979 potuimus.
555 940 616 971 Ubi
632 940 670 970 de
694 945 874 970 correctore
889 938 938 968 vel
961 939 1000 968 de
1013 939 1163 970 secundis
1178 948 1245 969 ma·

182 982 275 1013 nibus
290 986 358 1014 Atr.
375 994 479 1014 sermo
499 984 565 1020 erit,
586 994 652 1014 non
674 983 840 1024 loquimur
854 983 894 1012 de
915 982 994 1012 locis
1010 983 1049 1012 ab
1065 981 1136 1022 ipso
1153 982 1244 1013 libra·
1271 979 1273 1017 ζ

180 1025 228 1057 rio
252 1027 456 1066 probabiliter
477 1028 634 1064 correctis,
651 1028 706 1058 sed
729 1028 768 1057 de
790 1027 847 1057 illo
871 1036 889 1056 a
912 1036 979 1066 quo
1011 1027 1245 1058 correctionum

181 1071 320 1103 maxima
342 1082 415 1112 pars
438 1072 578 1112 profecta
601 1078 657 1102 est.

185 1131 193 1148 ;
236 1115 404 1147 Tredecies
418 1116 449 1146 in
466 1116 528 1146 hoc
543 1115 675 1147 Articuli
692 1124 825 1155 corpore
848 1121 1005 1144 corrector
1020 1114 1155 1154 primam
1177 1125 1244 1145 ma·
1271 1119 1272 1154 J

180 1169 260 1190 num
275 1160 386 1200 tetigit.
403 1160 524 1197 Quater
545 1168 660 1199 nempe
682 1158 851 1189 lectionem
874 1158 1064 1198 singularem
1087 1159 1187 1198 ipsius
1209 1159 1244 1189 li-

179 1203 290 1235 brarii:
312 1215 323 1234 1
332 1206 362 1236 3.
373 1203 560 1241 secundum,
574 1205 624 1234 25.
634 1203 688 1240 ad,
701 1204 751 1234 32.
762 1208 803 1240 et,
813 1202 1021 1233 homoteleuti
1036 1203 1244 1234 omissionem

180 1248 308 1288 supplet
333 1250 383 1279 3ο.
409 1248 556 1286 Quatuor
570 1247 712 1278 eiusdem
735 1247 887 1278 lectiones
909 1246 1095 1286 singulares,
1113 1249 1151 1278 de
1175 1249 1245 1289 qui-

179 1292 240 1323 bus
255 1292 319 1323 iam
336 1292 471 1333 egimus,
489 1302 554 1322 non
571 1291 720 1332 respexit:
748 1301 777 1321 2.
798 1293 825 1322 5.
843 1291 873 1322 6.
893 1291 944 1327 26,
962 1301 1099 1331 quarum
1125 1302 1154 1322 2.
1170 1302 1244 1332 pro·
1271 1285 1273 1326 ἶ

179 1335 262 1368 tecto
284 1337 480 1368 correctione
504 1337 650 1376 eguisset.
665 1353 688 1359 -
711 1336 795 1366 Octo
815 1345 938 1370 ,errores
970 1345 1158 1366 communes
1182 1343 1244 1367 ter-

179 1380 240 1412 aaa
259 1381 366 1412 classis
390 1381 584 1414 emendavit:
612 1381 640 1411 3.
658 1381 800 1420 populus
823 1386 854 1410 et
877 1379 907 1409 8.
929 1379 997 1416 hoc,
1015 1389 1098 1419 quae
1125 1380 1244 1411 omissa

178 1432 299 1462 aanor
313 1425 543 1466 rarsripendiis
565 1433 625 1464 pro
647 1424 813 1464 stipendus
835 1422 903 1465 (-d9
923 1421 966 1453 ita
985 1423 1112 1463 corrigit
1137 1431 1170 1454 ut
1186 1425 1244 1454 sub

178 1470 294 1500 rasuris
317 1477 349 1500 et
366 1469 492 1500 lineolis
515 1478 611 1509 super
633 1469 656 1498 ii
674 1467 811 1507 primam
827 1476 958 1497 manum
977 1467 1060 1497 lectu
1084 1467 1246 1498 difficilem

147 1509 149 1514 ’
178 1513 379 1556 reddiderit);
410 1523 458 1553 ¹4·
481 1514 537 1554 qui
566 1522 624 1552 pro
652 1512 729 1552 quid
750 1512 800 1541 vel
830 1511 937 1552 quod,·
961 1520 1012 1542 2o.
1038 1517 1246 1542 revertuntur

262 1560 469 1595 resistuntur,
489 1558 540 1587 23.
566 1557 624 1587 hoc
646 1561 694 1586 est
720 1555 810 1596 quod
833 1555 978 1585 librarius
1000 1558 1068 1586 Atr.
1095 1555 1245 1587 omiserat

148 1632 149 1635 ,
178 1601 315 1635 'esst-nia
336 1603 396 1634 hoc
417 1600 505 1642 legit3
531 1610 584 1641 29.
599 1600 824 1641 hyscribarum
840 1598 973 1642 (oblitus
988 1599 1105 1630 scilicet
1128 1606 1175 1630 est
1195 1610 1246 1630 ex·
1272 1621 1273 1638 3

124 1645 133 1676 ’ζ
178 1651 320 1688 mere
342 1644 414 1688 ny),
429 1654 488 1687 pro
512 1645 683 1686 &starum
708 1644 797 1684 quod
821 1644 915 1674 credo
941 1643 1054 1682 legisse
1081 1643 1245 1675 librarium
1271 1639 1273 1658 ⁴¹

177 1693 258 1728 Atr„
275 1690 330 1722 ubi
351 1689 442 1723 tertia
466 1689 572 1720 classis
586 1690 798 1725 scristarum,
821 1688 959 1728 denique
977 1687 1028 1718 28.
1045 1689 1175 1728 supplet
1189 1689 1245 1719 ho-
1271 1713 1272 1716 ,

177 1731 379 1767 finalemon
401 1734 433 1764 in
457 1734 548 1764 tertia
570 1734 667 1764 classe
691 1732 848 1763 deficiens.
873 1733 978 1763 Unam
1006 1732 1164 1772 optimam
1186 1740 1244 1763 ter·
1271 1740 1273 1769 ξ

178 1776 240 1811 ffle
256 1779 368 1811 >classis
391 1778 572 1814 lectionem,
595 1787 693 1808 unam
717 1787 754 1807 ex
777 1776 896 1817 paucis,
920 1776 1046 1807 relative
1069 1777 1244 1818 loquendo,

178 1824 297 1866 quibas
317 1823 408 1855 tertia
430 1823 551 1863 primae
573 1827 718 1862 praestat,
743 1821 930 1861 corrigendo
959 1821 1102 1860 peiorem
1126 1822 1243 1852 reddit:

178 1868 233 1899 mu
245 1869 294 1900 ι6.
304 1867 419 1910 flaturi
441 1877 556 1907 nempe
578 1865 789 1907 innuitsurti
812 1866 862 1896 vel
887 1866 1058 1905 legendum
1082 1875 1150 1896 esse
1171 1873 1245 1897 ante
1270 1878 1272 1904 ς

169 1913 294 1954 fhmri.
307 1930 328 1936 -
351 1913 427 1943 Non
450 1911 578 1951 corrigit
606 1920 726 1942 errores
755 1919 944 1941 communes
973 1920 999 1940 1.
1022 1909 1155 1951 Inferre
1184 1920 1244 1951 pro

177 1956 324 1998 Infert&
352 1958 399 1988 15.
415 1957 534 1997 ‘reliqui
546 1964 606 1995 pro
622 1955 766 1996 reliquae
772 1962 785 1992 ,·
814 1964 860 1994 ¹9-
878 1954 1018 1984 aliorum
1036 1963 1094 1995 pro
1112 1963 1245 1993 eorum;

179 2007 231 2033 9¹¹³.
242 1999 401 2043 paequctio
417 2010 477 2041 pro
490 1999 746 2041 perfectionem;
770 2008 821 2029 22.
839 1998 1052 2038 reputandam
1072 2008 1132 2038 pro
1151 2008 1244 2040 eape-
1270 2018 1271 2031 ι

177 2045 338 2078 ormam.
360 2045 414 2076 >Ad
433 2044 623 2075 omissiones
642 2044 813 2074 verborum
830 2053 860 2084 7.
877 2052 898 2072 a
915 2043 1039 2083 populo
1054 2049 1085 2073 et
1102 2051 1153 2084 27.
1170 2048 1245 2073 tem-

199 2100 274 2127 ore,
298 2089 374 2130 quia
406 2099 535 2120 sensum
565 2099 631 2119 non
661 2088 809 2123 laedunt,
834 2087 989 2117 mendum
1019 2087 1146 2117 odorari
1178 2097 1244 2118 non

237 2134 294 2166 uit.

183 2183 192 2188 “’
209 2178 339 2210 >Unam
363 2177 536 2208 secundam
554 2186 697 2212 manum,
717 2177 768 2206 31.
780 2176 935 2215 pensatis,
952 2175 1244 2215 interpretationem

177 2222 286 2263 potius
306 2222 487 2262 compendii
497 2219 580 2262 173¹ss
601 2230 699 2261 quam
714 2219 943 2251 correctionem
959 2220 1166 2259 appellamus.
1192 2220 1244 2250 Li-

177 2267 299 2298 banus
322 2269 388 2298 Atr.
406 2266 506 2296 modo
530 2264 712 2305 plenissime
736 2264 850 2299 scribit,
868 2264 978 2299 mor-10,
999 2264 1110 2294 mediis
1133 2264 1244 2294 litteris

177 2311 364 2352 suppressis,
385 2310 457 2349 plus
481 2320 578 2350 quarn
603 2309 717 2340 librarii
741 2309 789 2339 sui
813 2308 966 2347 temporis
990 2309 1093 2338 solent
1120 2315 1243 2339 contra-

177 2355 224 2386 hit
237 2356 342 2386 verba.
366 2354 535 2386 Corrector
551 2354 632 2384 sicut
655 2354 716 2384 hoc
739 2353 822 2388 loco,
840 2352 882 2382 ita
906 2359 936 2382 et
955 2352 1028 2382 alibi
1053 2352 1243 2392 compendia

177 2400 217 2430 ad
241 2407 415 2430 extremum
440 2399 590 2438 perducta
615 2397 767 2437 explicare
789 2396 903 2434 voluit,
925 2397 992 2426 aliis
1015 2396 1094 2426 locis
1118 2407 1153 2426 ea
1177 2407 1243 2426 non

177 2444 286 2484 tangit.
310 2444 365 2474 Ex.
391 2451 454 2482 gn:
489 2443 551 2484 Qu.
579 2453 617 2472 cx
641 2449 696 2472 art.
715 2452 747 2471 ιιι
771 2440 810 2486 231
840 2449 871 2470 1:
900 2454 913 2468 «
932 2440 956 2470 si
987 2440 1132 2480 pluribus
1165 2438 1244 2471 re¹²¹‘⁸

175 2492 359 2529 rem-quam
375 2487 543 2518 audierunt
556 2486 606 2516 vel
627 2486 784 2519 viderunt.
802 2494 867 2515 non
891 2485 1005 2514 eodem
1024 2485 1125 2514 modo
1148 2490 1243 2525 atque

176 2525 290 2564 aedem·
305 2531 408 2562 verbis
432 2531 545 2561 eadem
568 2541 615 2560 res
632 2530 725 2560 fuerit
748 2529 884 2559 indicata
904 2541 931 2560 2.
955 2528 1088 2559 Etiamsi
1103 2529 1184 2559 inter
1207 2529 1243 2559 li-

177 2577 407 2607 mitembona‘e
421 2575 566 2606 lectionis
587 2585 648 2605 nos
665 2574 825 2605 continere
847 2573 1008 2609 volumus,
1024 2574 1113 2614 quod
1136 2580 1241 2603 tamen

175 2620 293 2661 Hbtarii
316 2620 567 2651 coniecturantes
589 2619 696 2658 facere·
715 2627 780 2648 non
803 2618 917 2653 solent,
942 2617 1170 2658 compendium
1193 2618 1244 2648 vel
1268 2643 1269 2655 2

177 2665 285 2706 potius
309 2658 544 2695 mutilationem
567 2661 658 2700 rem,
680 2663 769 2703 quod
793 2669 950 2693 corrector
973 2671 1038 2692 non
1067 2662 1240 2701 explicavit,

175 2709 281 2750 legere
295 2709 368 2739 licet
383 2708 606 2745 recolentibus,
621 2707 875 2744 recordantibus,
889 2706 1175 2743 reminiscentibus,
1193 2715 1243 2736 re-
1267 2703 1269 2732 Ε

176 2753 402 2795 ευζίεαηιίῠιεε,
411 2751 637 2792 referentibus,
649 2751 906 2788 renarrantibus,
916 2751 1133 2788 recitantibus,
1145 2759 1242 2780 omne
1267 2774 1269 2783 ,

177 2797 316 2838 denique
342 2796 476 2827 verbum
505 2796 595 2836 quod
619 2796 658 2825 ad
689 2802 795 2826 actum
822 2794 997 2825 memoriae
1019 2795 1070 2824 vel
1096 2795 1243 2835 loquelae

177 2841 420 2883 exprimendum
435 2839 540 2870 iudice
562 2839 689 2870 librario
705 2847 817 2879 aptum
841 2846 895 2869 est.
919 2838 1042 2869 Omnes
1066 2845 1171 2869 tamen
1188 2848 1242 2868 co-

176 2930 302 2961 brosius
333 2926 408 2960 dicit
436 2929 476 2959 de
506 2928 666 2958 Abraham
695 2927 786 2968 quod
808 2926 922 2967 captoe
945 2926 1135 2966 loquebatur
1166 2936 1240 2956 cum

177 2974 318 3010 servulis,
335 2983 409 3004 cum
433 2972 510 3003 dixit
525 2972 603 3003 Gen.
621 2976 696 3002 xxa:
711 2972 791 3011 ‘Ego
807 2978 838 3001 et
856 2980 972 3013 puer...
989 2977 1181 3000 revertemur
1201 2971 1240 3000 ad

176 3027 235 3049 vos
253 3024 291 3055 »ζ
311 3017 562 3056 omnes-*legunt
591 3017 747 3056 captiose,
772 3014 828 3047 etsi
857 3014 975 3045 ¹maiori
998 3014 1066 3044 iure
1097 3015 1242 3054 captione

176 3062 448 3103 interpretandum
471 3068 526 3101 est.
562 3061 682 3101 Mirum
709 3067 772 3095 est,
794 3069 890 3099 quam
922 3058 1103 3099 frequenter
1125 3059 1241 3088 librarii

176 3116 245 3146 rem
268 3108 326 3137 aeu
337 3105 508 3146 tetigerint,
528 3104 697 3147 supposito
713 3103 802 3145 quod
826 3103 952 3134 ex‘'Atr.
969 3102 1240 3143 transcripserunt.

232 3151 388 3189 Quartam
411 3149 598 3180 columnam
620 3158 699 3179 curnr
709 3148 800 3180 tertia
821 3151 1045 3187 comparantes
1065 3154 1095 3177 et
1116 3147 1242 3182 tertiam

177 3195 310 3226 clas'sem
341 3194 381 3224 ad
411 3193 518 3224 minus
547 3203 582 3223 ex
624 3195 690 3223 Atr.
722 3192 796 3223 oriri
832 3198 1067 3232 supponentes,
1096 3191 1244 3221 videmus

176 3245 316 3280 quatuor
332 3237 541 3269 correctiones
556 3248 574 3267 a
591 3237 723 3267 librariis
740 3237 779 3266 de
794 3238 871 3267 Atr:
882 3235 1151 3266 transumentibus
1165 3235 1241 3265 ado-

177 3289 282 3324 ptatas
303 3290 386 3313 esse:
416 3282 464 3312 13.
491 3282 541 3312 25.
569 3282 621 3315 30.
648 3282 698 3317 32,
723 3289 841 3310 novem
863 3284 938 3311 vero
963 3280 1136 3319 neglectas:
1164 3280 1191 3310 3.
1211 3279 1240 3310 8.

183 3336 231 3358 ιι.
253 3337 301 3367 ¹4·
323 3327 372 3357 16.
390 3335 441 3356 20.
462 3326 512 3356 23.
543 3325 595 3358 28.
623 3334 674 3365 29.
700 3324 933 3364 Comparantes
962 3333 1040 3354 curn
1067 3324 1158 3354 tertia
1181 3323 1243 3364 pri-

177 3381 263 3402 mam
289 3371 484 3406 columnam,
509 3368 816 3410 eiusque-electiones
839 3378 876 3398 ex
892 3370 972 3398 'Atia
1003 3374 1089 3398 ortas
1116 3368 1245 3398 creden-

177 3422 243 3452 tes,
270 3414 417 3448 videmus
438 3413 581 3444 librarios
611 3413 731 3453 primae
758 3412 866 3443 classis
882 3415 1007 3442 ’omnes
1036 3412 1243 3442 correctiones

178 3459 356 3501 adoptasse,
372 3464 591 3499 praeterquam
607 3458 696 3497 quod
711 3456 938 3497 hyscribarum
959 3465 1033 3486 cum
1057 3465 1156 3495 grano
1171 3455 1243 3486 salis

176 3496 406 3538 intellexerunt,
423 3507 631 3534 revertuntur
646 3511 662 3531 e
687 3507 795 3531 contra
811 3507 1019 3540 corruperunt
1031 3500 1070 3530 inr
1080 3505 1246 3530 revertan-

178 3551 243 3578 tur.
267 3547 351 3585 Quia
373 3557 448 3577 vero
465 3545 531 3576 fieri
555 3556 620 3577 non
644 3545 750 3586 potuit
773 3551 808 3575 ut
830 3542 946 3577 librarii
960 3544 1115 3574 >codicum
1139 3544 1246 3574 tertiae

2327 218 2362 242 lx

1304 279 1408 310 classis
1432 280 1575 311 unanimi
1592 281 1724 311 consilio
1749 282 1873 312 easdem
1890 282 2099 313 correctiones
2122 284 2271 324 adoptare
2295 294 2361 314 eas-

1303 324 1375 353 dem
1399 334 1544 364 respuere
1574 325 1747 361 voluerint,
1771 335 1828 356 nec
1852 332 1887 356 ut
1909 326 2024 356 librarii
2048 327 2194 357 codicum
2222 328 2360 367 primae,

1302 368 1379 398 dum
1403 378 1514 399 omnes
1538 369 1747 400 correctiones
1770 369 1914 409 religiose
1938 370 2120 410 respiciant,
2144 371 2239 402 simul
2264 382 2361 402 unam

1301 420 1515 451 corrumpant,
1531 413 1570 443 de
1585 415 1651 444 Atr.
1670 413 1747 444 duas
1764 414 2018 454 transcriptiones
2035 415 2170 445 adfuisse
2186 416 2360 446 necessario

1302 456 1492 486 credendum
1517 464 1572 493 est,
1589 457 1628 486 ad
1651 467 1788 497 quarum
1811 468 1919 494 unam,
1936 459 2008 488 satis
2033 459 2159 495 malam,
2177 460 2265 490 tertia
2289 461 2363 491 clas-

1301 499 1341 529 sis
1364 501 1478 536 redeat,
1496 501 1535 530 ad
1551 501 1689 537 alteram,
1707 511 1842 542 eamque
1857 502 1960 533 multo
1980 503 2155 539 meliorem,
2172 504 2283 543 prima.
2308 504 2362 534 Se-

1301 553 1356 573 cus
1379 543 1463 574 enim
1488 545 1740 576 convenientiam
1764 545 1910 576 codicum
1940 547 2047 577 tertiae
2070 547 2221 583 invicem,
2247 557 2360 578 conve-

1300 587 1450 617 nientiam
1474 589 1621 618 codicum
1645 589 1764 628 primae
1783 590 1929 627 invicem,
1946 598 1977 621 et
2000 591 2239 631 discrepantiam
2263 592 2361 622 totius

1299 631 1405 662 tertiae
1420 641 1438 661 a
1461 639 1527 662 tota
1550 632 1660 672 prima,
1677 643 1772 664 nemo
1793 634 1945 673 explicare
1968 635 2092 674 poterit,
2114 636 2173 666 nisi
2196 636 2277 666 duos
2294 643 2360 666 tan·

1299 681 1369 705 tum
1392 675 1558 715 scriptores
1582 686 1618 706 ex
1640 679 1707 707 Atr.
1724 678 1922 718 descripsisse
1945 687 2115 719 supponat.
2144 682 2186 710 At
2209 687 2284 710 tunc
2307 690 2358 710 ex·

1300 719 1483 758 plicandum
1513 727 1671 756 remanet,
1697 731 1762 761 quo
1794 732 1866 752 casu
1898 730 2030 763 uterque
2058 734 2116 763 pro
2147 725 2176 755 5.
2200 724 2360 754 naturalis

1299 764 1382 793 ratio
1405 763 1489 802 legat
1512 765 1595 793 ratio
1618 766 1787 801 naturalis,
1814 767 1866 796 26.
1887 767 2000 797 reddat
2023 777 2081 807 pro
2110 768 2239 805 reddet;
2261 777 2359 808 quare

1299 807 1338 836 ad
1363 808 1392 837 6.
1412 807 1541 848 aliquid,
1559 809 1659 838 victus
1681 809 1731 838 vel
1755 811 1913 847 nutritus,
1940 811 2046 840 deesse
2070 812 2250 847 crediderit;
2276 812 2359 842 unde

1300 851 1469 891 sumpserit
1494 861 1523 881 2.
1539 852 1684 882 naturali
1706 853 1824 883 rationi
1841 855 1962 893 partim
1986 860 2091 885 autem
2117 861 2187 886 erat
2210 856 2359 886 iudiciale

1300 904 1393 931 unus,
1409 895 1486 925 alter
1501 896 1645 925 naturali
1660 898 1780 926 rationi
1788 907 1870 936 pars
1885 903 1956 928 erat
1972 904 2076 928 autem
2093 900 2251 936 iudiciale,
2270 900 2359 939 quod

1299 939 1377 970 nihil
1393 946 1439 970 est
1454 939 1514 969 nisi
1539 940 1700 979 corruptio
1716 940 1830 980 prioris
1844 941 1998 972 lectionis.
2023 943 2121 973 Porro
2138 944 2358 983 explicandum

1299 991 1392 1014 restat
1416 984 1501 1013 unde
1515 983 1669 1019 libratim,
1690 984 1728 1014 de
1751 984 1841 1015 cuius
1861 986 2069 1025 descriptione
2093 987 2215 1017 codices
2239 987 2359 1028 primae

1300 1027 1404 1057 classis
1435 1037 1562 1057 manare
1591 1028 1820 1067 supponimus,
1845 1029 1922 1059 dum
1946 1039 1977 1068 4.
2003 1031 2102 1061 victus
2125 1041 2182 1070 pro
2207 1033 2303 1062 victui
2330 1038 2360 1062 et

1301 1081 1352 1111 24.
1375 1081 1475 1111 supra
1497 1072 1639 1102 diximus
1661 1082 1719 1111 pro
1749 1073 1866 1103 dictum
1884 1079 1936 1104 -est
1959 1074 2095 1104 scribens
2122 1076 2160 1105 ab
2189 1075 2359 1116 archetypo

1300 1115 1411 1152 deficit,
1425 1122 1530 1146 tamen
1546 1116 1586 1145 ad
1607 1126 1632 1146 1.
1649 1126 1680 1156 7.
1703 1126 1750 1146 10.
1769 1118 1815 1146 15.
1835 1127 1882 1157 19·
1902 1127 1952 1148 21.
1970 1127 2022 1148 22.
2037 1128 2086 1159 27.
2099 1119 2179 1149 illud
2198 1120 2360 1160 undequa—

1299 1169 1361 1200 que
1385 1169 1532 1200 superare
1554 1160 1695 1190 valuerit.

1354 1204 1442 1234 Sicut
1464 1210 1569 1234 autem
1594 1204 1626 1233 in
1642 1204 1704 1234 hoc
1727 1204 1880 1240 Articulo,
1900 1205 1943 1235 ita
1966 1216 2022 1245 per
2044 1213 2148 1236 totum
2171 1206 2287 1237 librum
2312 1217 2359 1237 res

1299 1258 1331 1278 se
1355 1248 1459 1278 habet.
1483 1248 1640 1288 Margines
1657 1248 1776 1278 circum
1799 1249 1963 1279 columnas
1980 1257 2010 1280 et
2033 1250 2113 1280 inter
2134 1250 2232 1281 lineas
2247 1261 2360 1281 secun-

1299 1292 1346 1322 dis
1379 1292 1526 1323 manibus
1559 1299 1828 1332 consperguntur:
1853 1293 1994 1323 codicem
2024 1294 2121 1324 alium
2151 1295 2266 1325 vidisse
2293 1305 2359 1325 non

1298 1336 1431 1367 memini
1453 1336 1509 1377 qui
1526 1336 1706 1376 diligentius
1730 1343 1760 1367 et
1782 1336 1978 1377 frequentius
1998 1345 2156 1368 correctus
2179 1346 2267 1369 esset.
2293 1340 2358 1369 Ma-

1271 1386 1273 1393 ·
1298 1391 1394 1420 gnam
1417 1388 1523 1411 tamen
1547 1387 1577 1411 et
1599 1380 1680 1411 forte
1707 1380 1861 1411 maiorem
1893 1391 2013 1421 partem
2037 1392 2179 1413 errorum
2204 1391 2360 1413 corrector

1298 1435 1365 1455 non
1389 1425 1496 1464 tangit.
1521 1424 1741 1454 Correctiones
1761 1424 1841 1455 clare
1864 1425 2042 1456 scribuntur
2065 1434 2095 1457 et
2110 1427 2206 1466 signis
2229 1427 2268 1456 ad
2288 1427 2358 1457 loca

1299 1478 1356 1498 sua
1379 1468 1566 1504 referuntur,
1590 1468 1633 1498 ita
1657 1473 1692 1498 ut
1715 1478 1808 1507 saepe
1832 1478 1896 1498 non
1921 1470 1979 1499 nisi
2003 1480 2058 1509 per
2081 1471 2255 1510 positivum
2279 1471 2358 1501 noli-

1298 1512 1395 1543 tionis
1410 1519 1516 1542 actum
1531 1522 1548 1541 a
1571 1511 1708 1548 librario,
1725 1512 1780 1552 qui
1800 1521 1836 1542 ex
1859 1513 1920 1542 hoc
1935 1513 2014 1543 libro
2038 1514 2233 1550 describeret,
2253 1515 2358 1554 respui

1272 1571 1273 1577 ι
1299 1563 1439 1597 possent.
1463 1557 1593 1586 Errores
1607 1556 1705 1594 vulgo
1729 1556 1864 1595 punctis,
1881 1557 1980 1586 rarius
1995 1567 2102 1587 rasura
2118 1558 2270 1589 delentur.
2295 1559 2358 1589 De-

1298 1600 1424 1631 lotionis
1446 1609 1503 1640 per
1516 1609 1658 1630 rasuram
1677 1600 1859 1639 exemplum
1874 1600 1969 1630 habes
1992 1601 2023 1630 in
2045 1602 2198 1641 exscripto
2215 1603 2358 1633 Articulo

1304 1656 1352 1676 11.
1367 1644 1552 1684 stipendiis:
1575 1644 1683 1674 nescio
1698 1654 1762 1684 qua
1785 1644 1934 1684 pertinaci
1958 1645 2079 1675 errandi
2094 1646 2222 1676 libidine
2246 1647 2359 1687 aliquis

1297 1689 1442 1719 librarius
1473 1688 1638 1728 stipendus
1664 1689 1723 1718 sub
1747 1688 1862 1718 rasuris
1889 1688 2024 1719 effodere
2055 1690 2220 1726 voluisset;
2252 1698 2284 1721 at
2312 1701 2359 1721 ra-

1298 1743 1389 1764 surae
1405 1743 1470 1763 non
1495 1739 1569 1763 sunt
1583 1732 1771 1773 frequentes.
1796 1732 1934 1763 Collatio
1958 1734 2189 1764 correctionum
2208 1744 2282 1765 cum
2297 1735 2359 1775 pri-

1298 1777 1359 1808 mis
1383 1777 1530 1807 manibus
1554 1777 1698 1807 codicum
1723 1776 1843 1816 primae
1867 1783 1897 1807 et
1919 1777 2026 1807 tertiae
2052 1778 2157 1808 classis
2180 1779 2273 1809 docet
2294 1786 2357 1810 ter-

1298 1822 1375 1853 tiam
1405 1831 1479 1852 cum
1509 1821 1553 1851 eis
1584 1821 1688 1851 multo
1711 1821 1817 1851 minus
1847 1821 1949 1851 facere
1978 1831 2074 1862 quarn
2103 1822 2253 1862 primam,
2278 1823 2359 1854 hanc

1296 1876 1371 1897 vero
1394 1875 1475 1907 pene
1491 1875 1605 1895 omnes
1617 1865 1768 1895 lectiones
1786 1865 1899 1895 habere
1921 1875 1999 1906 quas
2022 1873 2179 1897 corrector
2202 1867 2359 1897 erroribus

1297 1910 1469 1941 substituit.

1352 1955 1443 1992 Quae
1467 1964 1541 1984 cum
1564 1953 1606 1983 ita
1623 1953 1693 1989 sint,
1710 1962 1900 1993 quaeramus
1923 1953 2084 1984 undenam
2109 1955 2292 1985 correctoris
2314 1955 2358 1985 le-

1296 1999 1416 2029 ctiones
1441 2004 1588 2038 sumptae
1610 1997 1682 2027 sint.
1706 1997 1900 2027 Facultatem
1924 1997 2062 2028 criticam
2079 1999 2262 2029 correctoris
2285 2009 2357 2038 pro-

1296 2043 1356 2084 prii
1383 2042 1500 2083 ingenii
1523 2041 1642 2072 viribus
1665 2047 1696 2071 et
1723 2041 1943 2071 existimationi
1973 2051 2047 2072 suae
2071 2042 2168 2072 relicti
2190 2043 2285 2082 longe
2307 2053 2357 2073 ex-

1297 2088 1422 2118 cedunt.
1446 2088 1552 2117 Locos
1576 2085 1661 2116 enim
1685 2085 1764 2115 adeo
1788 2092 1964 2126 corruptos,
1983 2093 2016 2116 ut
2039 2093 2069 2116 et
2092 2095 2201 2116 sensus
2222 2087 2356 2118 omnino

1296 2131 1455 2168 interierit,
1479 2138 1509 2161 et
1533 2129 1680 2160 confusio
1702 2130 1873 2159 verborum
1896 2130 2065 2160 lectionem
2090 2137 2237 2170 corrupte
2254 2131 2358 2162 reddi-

1296 2183 1362 2206 tam
1377 2175 1548 2215 aegerrime
1563 2174 1703 2204 divinare
1726 2173 1871 2214 patiatur,
1889 2181 2045 2205 corrector
2060 2174 2274 2215 undequaque
2288 2185 2358 2215 per-

1296 2221 1394 2251 fectos
1418 2226 1449 2250 et
1471 2220 1610 2258 integros
1633 2218 1776 2248 restituit.
1800 2218 1916 2248 Nescio
1939 2228 1979 2248 an
2003 2220 2123 2248 Auctor
2146 2218 2214 2258 ipse
2237 2229 2357 2250 errores

1296 2274 1430 2295 suorum
1445 2262 1690 2293 amanuensium
1715 2262 1841 2302 plenius
1856 2263 2022 2292 emendare
2038 2262 2208 2302 potuisset:
2233 2263 2359 2303 plenius
2408 2264 2413 2266 “

1296 2310 1379 2345 dico,
1397 2317 1463 2338 non
1486 2307 1594 2337 solum
1609 2306 1717 2346 quoad
1733 2315 1844 2336 sensus
1867 2306 2050 2342 bonitatem,
2067 2307 2130 2342 sed,
2147 2308 2234 2346 quod
2254 2308 2358 2338 multo

1296 2353 1454 2383 difficilius
1465 2358 1534 2391 ,est,
1558 2351 1666 2391 quoad
1689 2350 1791 2390 ipsam
1815 2350 1928 2380 erroris
1951 2350 2183 2380 habitudinem:
2208 2351 2252 2382 sic
2275 2352 2357 2382 scili-

1297 2404 1345 2428 cet
1367 2404 1402 2427 ut
1425 2396 1519 2426 lectio
1543 2395 1727 2425 correctoris
1743 2394 1833 2435 quasi
1857 2394 1951 2424 clavis
1968 2394 2007 2424 sit
2022 2404 2086 2435 qua
2110 2402 2222 2425 natura
2245 2396 2358 2426 erroris

1295 2441 1467 2482 aperiatur,
1491 2446 1523 2470 et
1544 2439 1694 2479 reliquiae
1718 2439 1878 2474 lectionis,
1910 2449 1989 2479 quas
2018 2439 2164 2469 librarius
2192 2439 2223 2469 in
2255 2449 2358 2470 errore

1295 2491 1470 2520 conservat,
1495 2483 1590 2514 etiarn
1606 2484 1638 2513 in
1660 2490 1798 2513 correcta
1812 2483 1947 2513 lectione
1969 2490 2202 2513 conserventur.
2227 2483 2357 2514 Errores

1296 2530 1381 2560 enim
1411 2529 1611 2559 librariorum
1642 2525 1716 2569 (nisi
1747 2527 1880 2557 omnino
1911 2527 2054 2566 negative
2087 2534 2203 2563 errent,
2228 2535 2264 2558 ut
2290 2531 2356 2559 Atr.

1295 2574 1346 2605 hic
1375 2584 1404 2604 2.
1435 2573 1501 2610 18.,
1525 2582 1592 2602 non
1615 2581 1690 2602 vero
1716 2571 1766 2602 28.
1795 2569 1868 2613 30.)
1900 2581 1974 2601 cum
2005 2571 2140 2602 lectione
2167 2581 2264 2612 quam
2288 2582 2357 2602 cor·

1295 2625 1388 2658 rupte
1418 2617 1554 2647 reddunt
1583 2615 1777 2646 materialem
1807 2615 2047 2646 similitudinem
2071 2615 2196 2652 habent,
2220 2622 2260 2652 et,
2284 2626 2358 2656 pro-

1295 2670 1364 2703 pter
1387 2662 1480 2692 istam
1503 2660 1758 2696 similitudinem,
1783 2660 1920 2700 quadam
1951 2659 2112 2690 dimidiata
2141 2660 2282 2699 gaudent
2302 2671 2357 2690 au-

1295 2706 1424 2737 thentia.
1450 2705 1482 2736 Si
1506 2715 1581 2745 ergo
1603 2705 1693 2745 quod
1717 2710 1874 2734 corrector
1896 2704 2049 2743 excogitat
2078 2703 2221 2734 exteriori
2245 2705 2357 2734 erroris

1293 2750 1472 2782 habitudini
1495 2759 1561 2779 non
1583 2749 1768 2789 respondet,
1793 2754 1913 2778 certum
1937 2755 1983 2778 est
2005 2748 2176 2787 exemplar,
2201 2749 2290 2788 quod
2319 2749 2357 2778 li-

1267 2796 1268 2805 *
1294 2795 1414 2826 brarius
1438 2799 1630 2833 corruperat,
1647 2792 1815 2823 lectionem
1839 2792 2022 2822 correctoris
2045 2801 2109 2821 non
2133 2791 2289 2826 habuisse,
2307 2799 2356 2822 ut-

1267 2843 1268 2847 ’
1295 2846 1370 2879 pote
1399 2836 1585 2868 absimilem.
1619 2837 1704 2867 Artis
1733 2836 1855 2866 criticae
1885 2835 1975 2875 periti
2010 2835 2125 2865 nostris
2160 2835 2356 2875 temporibus

177 2887 262 2917 dices
277 2884 552 2916 reminiscentibus
567 2884 693 2914 habent.
709 2884 772 2922 Qu.
791 2894 840 2913 cx1
855 2889 910 2912 art.
927 2892 941 2911 r
955 2892 1000 2922 pr.
1019 2891 1097 2922 arg:
1129 2897 1143 2910 ⁴<
1164 2885 1242 2912 Arn-
1267 2878 1268 2919 ᾗ
1295 2882 1470 2913 difficiliora
1497 2881 1674 2920 aenigmata
1697 2880 1824 2910 solvunt
1852 2889 1951 2920 quam
1973 2879 2024 2909 vel
2047 2882 2113 2910 Atr.
2138 2879 2293 2910 continet:
2325 2887 2357 2911 at

1267 2943 1268 2957 ι
1294 2927 1496 2957 vehementer
1518 2931 1632 2954 erraret
1653 2924 1709 2964 qui
1731 2924 1816 2954 illius
1839 2924 1948 2954 aetatis
1971 2930 2070 2953 artem
2085 2930 2149 2953 tam
2173 2923 2234 2954 alte
2250 2933 2356 2954 ascen-

1267 2967 1268 2974 *
1295 2971 1376 3001 disse
1400 2970 1547 3005 crederet,
1565 2975 1600 2998 ut
1622 2975 1743 2999 textum
1766 2975 1953 3007 corruptum
1968 2968 2206 2998 Atrebatensem
2229 2969 2356 3008 propria

1294 3015 1435 3045 Minerva
1457 3014 1625 3043 emendare
1647 3012 1795 3052 potuerit.
1821 3012 1984 3042 Secundae
2003 3021 2078 3042 vero
2102 3021 2216 3042 manus
2240 3012 2272 3042 in
2287 3014 2355 3042 Atr.

1295 3064 1433 3089 massam
1452 3066 1605 3092 errorum,
1622 3056 1678 3097 qui
1701 3056 1793 3087 etiam
1814 3066 1900 3086 nunc
1915 3055 2093 3096 peritissimi
2117 3056 2275 3096 cuiusque
2294 3057 2356 3087 sol-

1294 3102 1492 3134 licitudinem
1515 3107 1700 3137 exercerent,
1726 3101 1765 3131 ad
1788 3101 1906 3131 bonam
1930 3100 2051 3140 frugem
2077 3101 2240 3131 reducunt.
2271 3101 2356 3140 Ergo

1295 3157 1362 3178 non
1378 3157 1415 3177 ex
1430 3146 1561 3187 proprio
1581 3145 1765 3176 correctoris
1784 3144 1912 3184 ingenio
1935 3151 2025 3175 natae
2041 3151 2124 3180 sunt,
2143 3145 2196 3174 sed
2214 3144 2356 3175 codicem

1296 3197 1494 3232 supponunt,
1511 3189 1708 3220 Atrebatensi
1722 3190 1770 3219 vel
1793 3198 2000 3229 quocumque
2019 3188 2127 3218 codice
2150 3188 2256 3218 tertiae
2281 3189 2356 3218 clas-

1297 3236 1338 3267 sis
1362 3235 1467 3266 multo
1490 3234 1666 3270 meliorem,
1691 3242 1727 3263 ex
1751 3243 1818 3274 quo
1841 3238 1999 3263 corrector
2014 3242 2072 3272 pro
2089 3232 2258 3270 erroribus,
2274 3241 2358 3273 quos

1296 3280 1329 3310 in
1345 3282 1412 3310 Atr.
1429 3278 1656 3314 animadvertit,
1673 3277 1865 3308 authenticas
1888 3277 2037 3307 lectiones
2052 3276 2251 3307 materialiter
2273 3283 2357 3307 tran-

1297 3324 1431 3355 scribere
1454 3322 1570 3363 potuit.

1351 3368 1417 3398 Nec
1439 3366 1555 3397 indicia
1578 3375 1635 3396 nec
1650 3375 1721 3396 vera
1738 3371 1921 3405 argumenta
1945 3365 2067 3401 desunt,
2091 3364 2208 3404 quibus
2231 3364 2356 3404 probari

1297 3419 1402 3453 potest
1425 3418 1634 3442 correctorem
1656 3412 1722 3440 Atr.
1748 3420 1785 3439 ex
1809 3409 1915 3439 codice
1939 3409 2058 3449 primae
2082 3408 2186 3439 classis
2206 3408 2356 3439 lectiones

1299 3455 1446 3486 meliores
1480 3454 1683 3495 prompsisse.
1716 3454 1750 3483 ln
1777 3453 1920 3483 Articulo
1951 3453 1989 3482 de
2012 3462 2078 3493 quo
2102 3452 2224 3492 egimus
2247 3459 2357 3493 quater

1299 3498 1367 3542 (13.
1387 3501 1437 3530 25.
1458 3500 1507 3530 30.
1528 3497 1592 3540 32.)
1617 3498 1769 3537 corrigere
1793 3497 1948 3537 potuisset
1969 3507 2005 3527 ex
2028 3497 2135 3527 codice
2158 3496 2264 3527 tertiae
2281 3497 2357 3527 clas-

1300 3544 1358 3580 sis,
1383 3543 1438 3573 sed
1461 3543 1536 3583 quia
1566 3542 1663 3573 octies
1687 3541 1732 3583 (3.
1758 3541 1787 3572 8.
1817 3551 1864 3572 11.
1895 3550 1943 3580 14.
1973 3542 2020 3571 16.
2047 3541 2097 3571 23.
2124 3540 2174 3571 28.
2201 3538 2266 3582 29·)
2290 3550 2356 3570 non
