2860 4244
142 3436 170 3450 ..xl
198 3441 199 3445 ι

59 3512 284 3566 iuq‘v‘gi'
309 3517 395 3549 iuxta
416 3517 514 3548 illud:
538 3518 691 3548 Pollicitis
713 3517 801 3548 dives
822 3517 952 3557 quilibet
973 3526 1040 3548 esse
1056 3522 1165 3568 potest
1178 3516 1205 3547 *-

265 1808 276 1814 ·
300 1796 400 1837 signa
422 1804 534 1826 eorum
556 1804 640 1836 quae
661 1800 738 1826 sunt
760 1797 793 1826 in
812 1796 922 1826 anima
933 1795 960 1832 *,
981 1802 1109 1836 oportet
1127 1795 1215 1835 quod
1242 1795 1368 1826 animus

241 1841 247 1848 '
269 1867 276 1879 ,
301 1839 508 1880 promittendi
531 1839 629 1875 adsit,
653 1839 696 1875 si,
722 1849 796 1870 cum
819 1840 892 1881 quis
916 1839 1006 1876 dicit,
1030 1840 1179 1877 Faciam,
1204 1846 1273 1876 aut,
1298 1840 1367 1879 Ibo,

266 2561 273 2568 ·
302 2547 401 2578 nihilo
431 2552 602 2588 reputatur
617 2546 636 2566 ³⁸

266 2589 274 2621 ἶ
302 2591 449 2632 proximi,
473 2592 563 2632 quod
587 2592 625 2622 de
647 2601 761 2631 genere
784 2601 844 2622 suo
868 2598 990 2623 constat
1013 2601 1080 2621 esse
1104 2592 1247 2621 mortale.

215 2739 222 2746 ·
303 2730 439 2760 munta,
464 2724 490 2754 si
513 2724 670 2764 promissa
692 2730 767 2754 sunt
790 2725 959 2758 servanda,
983 2731 1019 2754 ut
1043 2724 1160 2754 Seneca
1183 2723 1260 2754 dixit
1273 2723 1300 2755 *.
1323 2726 1370 2754 Ac

922 263 1189 311 QUAESTIO
1219 265 1467 313 Lxxxvm,
1497 266 1793 303 ARTICULUS
1823 267 1836 303 1

352 345 411 379 AD
439 354 576 380 ramum
596 354 693 380 ERGO
713 354 896 380 mcENDUM
915 343 1020 392 quod
1046 343 1246 392 conceptio
1266 344 1357 380 boni
1383 347 1387 438 l

299 395 480 444 propositi
500 408 578 433 non
597 396 767 433 firmatur
787 408 832 432 ex
859 395 975 433 animi
1000 395 1267 434 deliberatione
1288 396 1358 434 nisi

300 448 554 497 promissione
583 449 892 487 deliberationem
921 456 1189 497 consequente.

322 511 325 515 ·
353 503 412 538 An
441 513 631 539 SECUNDUM
663 513 848 539 mesanum
885 501 992 550 quod
1018 501 1194 538 voluntas
1229 509 1361 539 movet

301 554 487 591 rationem
507 554 556 591 ad
583 554 882 603 promittendum
902 554 1042 603 aliquid
1071 554 1169 591 circa
1189 566 1233 591 ea
1261 566 1390 632 quae

302 607 380 643 eius
407 607 592 644 voluntati
621 607 843 644 subduntur.
873 608 922 644 Et
949 619 1019 656 pro
1047 613 1151 643 tanto
1179 615 1314 644 votum
1339 620 1362 644 a

301 659 495 697 voluntate
510 659 655 711 accepit
669 659 681 683 ἶ
700 658 843 697 nomen
863 659 971 708 quasi
986 659 1152 708 a>·prim0
1168 667 1360 697 movente.
1388 633 1392 701 l

353 769 378 802 ζ)
397 770 508 802 accepit.
522 783 542 789 -
559 770 657 802 accipit
675 770 796 796 PDGl-Ia.
1388 776 1391 824 ἱ

353 806 380 837 η)
399 807 533 830 aratrum.
547 819 564 823 -
582 805 716 830 arandum
736 806 764 831 Ρ.

2390 270 2463 306 235

1464 346 1523 382 An
1551 356 1710 382 TERTIUM
1738 357 1922 383 montinum
1951 345 2056 395 quod
2079 346 2138 382 ille
2166 346 2230 395 qui
2259 346 2368 383 mittit
2395 359 2478 383 ma-

1412 409 1506 439 num
1536 397 1583 435 ad
1613 406 1776 435 aratrum
1802 398 1878 436 iarn
1908 398 1994 436 facit
2021 398 2174 448 aliquid.
2217 398 2295 436 Sed
2322 398 2382 436 ille
2410 399 2475 448 qui

1386 491 1387 496 ¹
1413 451 1536 487 solum
1552 451 1732 499 proponit
1750 451 1924 490 nondum
1944 451 2085 500 aliquid
2104 452 2201 488 facit.
2229 451 2305 489 Sed
2320 452 2474 501 quando

1413 503 1606 550 promittit,
1627 503 1704 540 iam
1733 503 1860 553 incipit
1887 517 1927 541 se
1957 505 2133 542 exhibere
2162 504 2211 541 ad
2238 504 2476 553 faciendum,

1414 554 1500 591 licet
1527 557 1700 593 nondum
1739 556 1894 606 impleat
1920 557 2027 606 quod
2061 557 2261 606 promittit:
2290 558 2386 594 sicut
2418 558 2477 594 ille

1416 607 1480 656 qui
1509 608 1616 656 ponit
1650 621 1809 647 manum
1839 611 1887 648 ad
1916 618 2080 647 aratrum
2109 616 2127 638 η
2166 608 2338 647 nondum
2378 619 2476 658 arat,

1417 659 1494 696 iam
1522 667 1652 697 tamen
1680 662 1836 710 apponit
1854 660 1867 683 θ
1897 675 2054 700 manum
2082 663 2131 700 ad
2159 664 2358 701 arandum.

1470 771 1495 805 θ)
1514 774 1634 805 apponit.
1645 787 1665 793 -
1678 775 1759 806 ponit
1776 775 1853 800 PGL.

970 878 1304 912 Commenta-ia
1326 877 1580 911 Gar-dinalis
1601 878 1804 912 Caietam

305 965 352 1028 In
375 955 507 986 articulo
541 956 645 996 primo
673 957 868 997 quaestionis
898 958 1260 998 octogesimaeoctavae,
1285 957 1365 988 circa

333 999 530 1040 principium
552 1001 694 1041 corporis
717 1001 849 1038 articuli,
873 1001 928 1032 ubi
952 1001 1075 1038 dicitur,
1104 1001 1235 1042 Obligat
1257 1006 1364 1032 autem

300 1044 397 1082 homo,
416 1053 451 1074 se
472 1044 594 1074 homini
610 1054 674 1085 per
695 1045 823 1076 modum
841 1047 1074 1086 promissionis,
1100 1045 1236 1075 dubium
1256 1050 1381 1076 occur-⁴

301 1087 359 1124 rit,
382 1093 423 1118 'an
453 1088 625 1128 promissio
655 1089 723 1119 sine
749 1088 929 1120 iuramento
957 1089 997 1120 sit
1024 1088 1210 1129 obligatoria
1237 1089 1270 1119 in
1295 1089 1366 1120 foro

302 1132 521 1163 conscientiae.

357 1177 408 1206 Ad
429 1176 492 1207 hoc
515 1175 630 1207 dicitur
660 1176 750 1217 quod
773 1177 944 1227 promissio
967 1176 1136 1217 dupliciter
1161 1176 1227 1208 fieri
1251 1184 1367 1217 potest.

301 1220 444 1257 Primo,
435 1230 468 1250 in
484 1226 556 1251 actu
571 1220 695 1260 signato
718 1226 749 1251 et
772 1221 907 1252 exercito
923 1221 1035 1252 simul:
1060 1227 1096 1252 ut
1118 1221 1263 1258 dicendo,
1287 1222 1367 1253 Pro-

302 1258 391 1295 mitto
415 1264 470 1294 tibi
491 1264 575 1304 quod
586 1263 717 1304 faciam
739 1265 808 1296 hoc.
833 1265 992 1302 Secundo,
1015 1265 1047 1295 in
1068 1271 1139 1296 actu
1164 1265 1299 1297 exercito
1316 1276 1366 1297 so-

301 1309 387 1339 lum:
419 1314 456 1339 ut
483 1307 629 1344 dicendo,
651 1309 782 1339 Faciam
806 1310 874 1340 hoc.
908 1310 950 1340 Et
978 1310 1286 1351 quomodocumque
1313 1310 1368 1341 fiat

301 1352 483 1393 promissio,
507 1361 574 1382 non
597 1352 700 1383 refert.
725 1353 942 1384 Veruntamen
965 1353 997 1384 in
1021 1354 1083 1384 hoc
1107 1354 1247 1384 secundo
1267 1355 1366 1385 modo

299 1396 470 1447 loquendi
481 1396 573 1437 quia·
587 1403 693 1436 potest
714 1397 880 1438 multiplex
901 1408 1012 1428 sensus
1033 1407 1110 1434 esse,
1131 1405 1257 1439 oportet
1279 1399 1367 1440 quod
1392 1398 1394 1426 l

300 1439 376 1472 eum
399 1440 507 1471 animo
531 1441 738 1491 promittendi
761 1441 859 1472 futuri
882 1442 1036 1482 temporis
1058 1443 1191 1472 verbum
1215 1442 1248 1472 in
1271 1453 1367 1473 usum

301 1485 415 1521 veniat,
439 1484 465 1515 si
489 1485 660 1525 promissio
683 1495 751 1516 esse
774 1486 876 1517 debet.
899 1487 983 1516 Nam
999 1495 1074 1517 cum
1090 1485 1212 1522 dicitur,
1236 1487 1368 1518 Faciam
1393 1487 1395 1505 '¹

301 1529 372 1567 hoc,
391 1535 497 1570 potest
514 1529 677 1570 tripliciter
690 1531 820 1570 exponi:
845 1528 960 1570 primo,
980 1536 1016 1560 ut
1034 1530 1075 1560 sit
1096 1530 1273 1560 enuntiatio
1295 1541 1368 1571 pro·
1393 1532 1395 1548 ¹

302 1573 410 1614 positi,
433 1574 524 1615 quasi
548 1573 673 1610 diceret,
697 1574 833 1605 Intende
856 1575 916 1605 hoc
927 1574 1066 1615 sacere;
1088 1574 1246 1610 secunde,
1270 1582 1307 1606 ut
1329 1575 1368 1606 sit
1393 1575 1395 1580 ’

302 1618 478 1649 enuntiatio
494 1625 636 1654 eventus,
651 1618 742 1658 quasi
765 1618 890 1654 diceret,
914 1619 1056 1649 Ponetur
1070 1619 1103 1648 in
1120 1617 1235 1658 effectu
1250 1618 1369 1659 facere

301 1663 380 1700 1ιοι·;
403 1662 506 1698 tertio,
527 1669 563 1692 ut
585 1662 730 1693 enuntiat
752 1662 1010 1702 promissionem,
1026 1662 1117 1703 quasi
1141 1662 1267 1699 diceret,
1290 1664 1369 1694 Pro-

303 1707 394 1737 mitto
415 1706 501 1747 quod
509 1721 514 1725 ·
513 1706 642 1746 faciam
664 1707 733 1737 hoc.
757 1707 799 1737 Et
818 1707 851 1737 in
875 1707 937 1738 hoc
953 1707 1024 1737 solo
1048 1707 1142 1737 tertio
1157 1715 1252 1737 sensu
1275 1706 1370 1738 habet

300 1750 368 1781 vim
389 1750 622 1791 promissionis.
655 1751 748 1781 Unde
775 1751 850 1792 quia
873 1761 911 1781 ea
935 1761 1018 1792 quae
1040 1756 1116 1782 sunt
1139 1752 1172 1781 in
1196 1761 1272 1782 voce
1293 1757 1370 1782 sunt
1393 1761 1395 1769 ¹

302 1883 550 1924 promissionem
573 1882 738 1923 significat.

358 1928 503 1970 Utroque
525 1927 621 1967 igitur
642 1928 743 1958 modo
766 1928 846 1959 facta
870 1928 1039 1978 promissio
1064 1938 1100 1958 ex
1124 1927 1253 1958 materia
1277 1935 1307 1959 et
1331 1938 1369 1958 eo
1394 1925 1395 1957 l

302 1971 412 2003 cmfit
434 1972 616 2012 promissio,
635 1972 805 2003 iudicanda
824 1978 880 2003 est.
904 1972 988 2003 Nam
1010 1972 1035 2002 si
1058 1971 1113 2002 fiat
1135 1971 1306 2012 promissio
1330 1973 1370 2002 de

302 2015 411 2067 aliquo
435 2016 511 2052 levi,
536 2015 719 2067 simpliciter
741 2017 792 2047 vel
814 2016 860 2047 illi
883 2016 935 2047 cui
959 2023 989 2047 et
1017 2023 1147 2057 propter
1170 2026 1268 2057 quem
1296 2026 1369 2057 pro-

302 2060 452 2097 mittitur,
476 2060 647 2100 promissio
671 2070 737 2091 non
760 2061 879 2100 obligat
901 2061 942 2091 ad
964 2061 1108 2091 mortale.
1141 2060 1173 2091 Si
1196 2067 1303 2091 autem
1331 2062 1369 2091 de

301 2104 450 2140 notabili,
475 2105 595 2144 obligat
617 2105 657 2134 ad
680 2105 729 2136 sui
754 2105 1010 2135 observationem
1040 2106 1099 2136 sub
1123 2105 1263 2141 mortali,
1294 2115 1368 2136 con-

303 2149 500 2180 currentibus
522 2149 652 2190 reliquis
675 2149 924 2180 conditionibus.
963 2150 1062 2187 Quod
1085 2149 1170 2180 enim
1198 2149 1368 2189 promissio
1394 2153 1395 2170 ³

301 2202 340 2224 ex
356 2200 467 2224 namra
483 2203 540 2224 sua
555 2193 683 2234 obliget,
703 2194 736 2224 in
757 2194 859 2224 littera
882 2194 978 2224 habes
997 2193 1048 2224 hic
1064 2200 1095 2224 et
1109 2193 1142 2223 in
1158 2200 1213 2224 art.
1233 2194 1260 2229 3,
1277 2194 1317 2224 ad
1338 2203 1367 2223 1:

301 2243 334 2268 et
355 2237 521 2268 manifeste
543 2244 630 2278 patet
652 2248 690 2268 ex
712 2247 773 2268 usu
796 2238 978 2268 hominum.
1002 2238 1086 2268 Nam
1109 2236 1182 2268 fidei
1198 2247 1270 2268 reos
1293 2238 1368 2269 dici-

301 2290 375 2312 mus
398 2291 463 2312 non
487 2288 646 2316 servantes
669 2282 865 2322 promissum
887 2282 1021 2313 licitum.
1045 2282 1118 2312 Hoc
1132 2281 1218 2312 enim
1237 2288 1369 2313 testatur
1394 2307 1395 2310 ,

301 2326 392 2366 quod
406 2332 517 2356 contra
530 2325 716 2357 fidelitatem
732 2326 834 2366 agitur
850 2336 925 2357 cum
940 2325 1112 2366 promissio
1126 2325 1272 2357 violatur.
1293 2327 1368 2364 Quo

301 2368 338 2401 fit
359 2376 395 2400 ut
417 2371 503 2401 idem
526 2370 567 2401 sit
587 2370 706 2401 violare
729 2370 978 2411 promissionem
1008 2377 1039 2401 et
1060 2370 1180 2400 violare
1203 2370 1370 2410 obligatio·

301 2423 387 2445 nem.
410 2432 432 2438 -
456 2415 553 2452 Quod
577 2421 684 2445 autem
707 2414 860 2454 obligatio
891 2415 1085 2455 quandoque
1109 2414 1148 2444 sit
1173 2415 1212 2444 ad
1236 2415 1369 2446 mortale

301 2464 334 2489 et
355 2459 551 2499 quandoque
574 2459 612 2489 ad
620 2475 625 2482 ω
636 2459 777 2495 veniale,
801 2465 887 2499 patet
910 2469 947 2489 ex
970 2459 1031 2489 hoc
1061 2459 1150 2499 quod
1172 2459 1369 2499 quandoque

301 2502 439 2533 violatur
461 2513 536 2534 cum
565 2503 694 2533 modico
719 2503 839 2533 damno
862 2503 1016 2543 proximi,
1036 2512 1155 2543 parum
1179 2509 1288 2533 autem
1304 2513 1369 2543 pro

643 2556 651 2583 ;
681 2548 878 2588 quandoque
909 2557 984 2578 cum
1014 2547 1147 2577 notabili
1179 2547 1368 2578 detrimento

358 2635 440 2666 Sunt
467 2642 573 2666 tamen
601 2636 667 2666 duo
698 2636 748 2666 hic
771 2645 838 2666 non
862 2636 1098 2676 praetereunda.
1132 2635 1276 2666 Alterum
1300 2645 1370 2675 spe·
1394 2638 1397 2651 '

303 2685 391 2710 ctans
414 2679 453 2710 ad
477 2689 544 2710 rem
558 2680 677 2720 ipsam:
703 2680 820 2710 scilicet
842 2680 932 2721 quod
955 2679 1064 2710 omnia
1087 2680 1202 2710 debent
1225 2690 1292 2710 esse
1310 2680 1370 2710 im·

303 2777 360 2808 per
382 2767 453 2803 hoc,
478 2768 503 2798 si
527 2769 600 2809 quis
622 2768 819 2808 promisisset
841 2768 935 2799 alicui
959 2768 1067 2798 dotare
1090 2767 1164 2798 hinc
1187 2768 1226 2798 ad
1249 2777 1371 2798 annum
1395 2795 1397 2798 ,

304 2811 390 2842 illius
409 2811 518 2848 filiam,
542 2819 573 2842 et
594 2812 720 2842 interim
742 2818 833 2842 tanto
857 2819 904 2843 est
926 2812 1055 2842 affectus
1071 2811 1248 2842 infortunio
1264 2822 1370 2842 rerum

304 2865 436 2886 suarum
457 2862 494 2886 ut
516 2862 600 2887 extra
622 2856 770 2886 ordinem
791 2856 884 2886 illum
907 2856 946 2887 sit
972 2857 1005 2886 in
1028 2865 1095 2896 quo
1121 2855 1280 2895 promisit,
1305 2865 1371 2886 non

304 2906 429 2931 tenetur
451 2901 490 2930 ad
513 2900 688 2940 promissa,
712 2909 794 2940 quae
819 2907 941 2930 constat
970 2899 1059 2940 quod
1086 2909 1152 2929 non
1175 2900 1371 2939 promisisset

305 2944 337 2974 in
361 2943 414 2974 tali
438 2950 532 2974 statu.
562 2945 602 2974 Et
625 2943 726 2974 simile
750 2949 797 2974 est
819 2944 858 2974 de
881 2943 929 2974 his
957 2943 1013 2984 qui
1036 2943 1228 2983 promittunt
1249 2943 1293 2974 ire
1316 2943 1371 2974 ali-

305 2998 383 3029 quo,
400 2994 431 3018 et
453 2988 663 3028 postmodum
678 2987 799 3018 maiora
815 2994 938 3027 urgent.
958 3004 977 3011 —
997 2987 1142 3018 Alterum
1162 2994 1209 3018 est
1227 2994 1371 3028 spectans

306 3032 346 3062 ad
360 3032 564 3073 loquentium
578 3033 725 3062 abusum.
746 3031 910 3069 Quoniam
926 3031 1140 3062 communiter
1154 3031 1302 3062 videntur
1316 3032 1374 3062 ho—

307 3076 407 3107 mines
430 3076 566 3116 simplici
589 3076 803 3116 promissione
826 3076 872 3106 uti
897 3076 953 3106 ubi
977 3085 1043 3106 non
1066 3075 1236 3106 intendunt
1258 3085 1291 3106 se
1315 3077 1371 3106 ob-

306 3121 402 3161 ligare
425 3121 465 3150 ad
488 3121 632 3151 mortale.
655 3119 766 3151 -Cuius
787 3120 915 3161 signum
939 3126 985 3150 est
1014 3120 1105 3161 quod
1132 3120 1248 3150 nolunt
1277 3130 1372 3161 super

306 3164 520 3207 promissione
542 3165 659 3200 iurare,
679 3174 745 3195 non
768 3174 827 3204 pro
850 3164 1022 3195 reverentia
1045 3164 1229 3200 iuramenti,
1253 3164 1309 3194 sed
1332 3174 1371 3194 ne

307 3215 437 3250 peccent
459 3207 634 3239 mortaliter
656 3208 682 3238 si
705 3218 771 3239 non
793 3215 934 3244 servent,
963 3218 1019 3239 seu
1042 3207 1117 3249 quia
1140 3208 1256 3239 nolunt
1277 3219 1311 3239 se
1333 3208 1371 3238 li-

307 3263 389 3293 gare,
414 3253 596 3283 arbitrantes
615 3262 652 3283 ex
669 3252 806 3293 simplici
829 3252 1041 3293 promissione
1063 3262 1096 3282 se
1115 3261 1182 3283 non
1197 3252 1295 3283 teneri
1312 3252 1372 3283 nisi

307 3298 346 3328 de
361 3297 502 3338 quadam
518 3296 672 3327 benevola
687 3296 862 3327 honestate.
883 3296 1006 3328 Omnes
1021 3297 1107 3327 enim
1122 3297 1178 3338 qui
1193 3297 1248 3327 tali
1263 3296 1371 3328 animo

308 3341 499 3381 promittunt
521 3341 620 3381 quod,
645 3341 670 3370 si
692 3347 770 3372 tunc
791 3347 994 3381 quaereretur
1014 3341 1053 3372 ab
1078 3340 1122 3371 eis
1145 3348 1181 3372 ut
1203 3351 1237 3371 se
1253 3341 1371 3381 obliga-

308 3392 378 3416 rent
400 3386 459 3416 sub
483 3392 612 3425 peccato
629 3385 754 3415 mortali
778 3384 804 3414 si
827 3394 892 3415 non
912 3392 1044 3421 servent,
1069 3391 1100 3415 et
1121 3391 1280 3425 negarent,
1298 3395 1372 3416 con-

308 3435 368 3460 stat
391 3439 457 3460 non
480 3429 610 3470 proprie
632 3428 826 3469 promittere,
849 3428 882 3458 in
905 3429 998 3460 rebus
1021 3429 1137 3459 arduis.
1161 3429 1204 3460 Et
1224 3428 1298 3460 hinc
1322 3439 1371 3460 or—

308 3480 378 3504 tum
392 3473 518 3504 videtur
532 3480 568 3504 ut
587 3483 700 3514 pamm
714 3472 918 3503 aestimentur
936 3473 1164 3513 promissiones
1182 3473 1370 3503 hominurn:

365 3561 463 3592 11.1n
487 3562 600 3592 eodem
629 3561 760 3592 articulo
793 3560 898 3600 primo
929 3561 1123 3601 quaestionis
1146 3561 1371 3601 octogesimae-

1419 965 1548 988 octavae
1564 959 1698 989 dubium
1714 960 1860 996 occurrit,
1882 970 1948 1000 quo
1965 968 2057 1000 pacto
2080 961 2113 991 in
2136 962 2334 1001 praecedenti
2357 962 2452 993 Libro
2464 962 2482 982 *

1420 1001 1586 1033 definitum
1617 1010 1663 1034 est
1693 1004 1782 1044 quod
1815 1004 1947 1034 ultimus
1977 1011 2065 1035 actus
2094 1005 2224 1036 rationis
2253 1006 2405 1045 practicae
2436 1014 2483 1037 est

1419 1046 1615 1086 praecipere:
1648 1054 1678 1077 et
1700 1047 1733 1077 in
1756 1047 1818 1077 hoc
1841 1047 1938 1078 Libro
1967 1048 2168 1088 distinguitur
2195 1056 2282 1080 actus
2305 1050 2483 1090 imperandi

1419 1097 1528 1122 contra
1551 1098 1658 1121 actum
1687 1091 1876 1131 deprecandi
1901 1099 1931 1123 et
1959 1092 2172 1132 promittendi.
2202 1094 2276 1123 Non
2300 1103 2373 1134 ergo
2397 1094 2483 1125 suffi-

1420 1134 1537 1165 cienter
1568 1135 1669 1166 fuerat
1701 1135 1788 1175 prius
1818 1135 2044 1166 determinatus
2073 1136 2205 1167 ultimus
2237 1144 2325 1168 actus
2354 1139 2483 1169 rationis

1420 1185 1586 1218 practlcae.

1474 1223 1526 1253 Ad
1548 1223 1610 1254 hoc
1638 1223 1751 1254 dicitur
1779 1224 1868 1264 quod
1891 1223 2070 1264 praecipere
2099 1233 2154 1254 seu
2177 1224 2331 1265 imperare
2354 1225 2484 1265 intelligi

1420 1273 1524 1307 potest
1547 1267 1723 1308 dupliciter.
1747 1267 1865 1304 Primo,
1888 1275 2032 1308 respectu
2057 1268 2218 1299 electionis
2239 1269 2392 1306 absolute,
2410 1270 2484 1310 quia

1420 1311 1537 1342 scilicet
1555 1311 1669 1352 aliquis
1689 1311 1840 1352 praecipit
1858 1311 1916 1342 sibi
1932 1312 1992 1352 ipsi
2009 1312 2137 1352 eligere:
2163 1319 2193 1343 et
2215 1312 2259 1343 sic
2281 1320 2485 1353 praeceptum

1420 1362 1466 1386 est
1484 1356 1616 1386 ultimus
1632 1363 1720 1387 actus
1736 1355 1866 1387 rationis
1881 1356 2035 1396 practicae
2054 1357 2093 1387 ad
2118 1357 2277 1396 agendum
2295 1357 2345 1388 vel
2368 1357 2485 1388 facien-

1420 1400 1507 1430 dum.
1523 1400 1596 1430 Alio
1609 1400 1709 1430 modo
1725 1400 1861 1430 sumitur
1876 1401 2055 1440 praecipere
2069 1407 2212 1441 respectu
2226 1401 2374 1438 aliorum,
2387 1409 2486 1442 prout

1393 1467 1394 1480 ,
1419 1443 1533 1484 aliquis
1556 1444 1708 1484 praecipit
1724 1444 1856 1475 subditis
1873 1445 1950 1475 suis:
1977 1451 2008 1475 et
2027 1444 2071 1475 sic
2089 1444 2267 1485 praecipere
2283 1445 2486 1486 distinguitur

1421 1495 1528 1518 contra
1552 1488 1710 1528 deprecari
1734 1495 1765 1519 et
1787 1495 1896 1519 contra
1919 1489 2122 1528 promittere,
2146 1489 2222 1530 quia
2244 1489 2421 1530 praecipere
2445 1491 2485 1521 ad

1419 1531 1593 1568 inferiores,
1609 1532 1767 1572 deprecari
1784 1532 1823 1562 ad
1839 1532 2016 1572 superiores
2039 1540 2075 1564 ut
2098 1533 2283 1573 plurimum,
2303 1534 2485 1574 promittere

1421 1581 1468 1605 est
1490 1576 1529 1606 ad
1553 1586 1676 1606 omnes.
1710 1576 1751 1607 Et
1773 1576 1852 1607 scito
1876 1577 1966 1617 quod
1989 1587 2100 1607 omnes
2123 1577 2156 1607 hi
2179 1584 2240 1608 tres
2264 1585 2351 1609 actus
2375 1579 2484 1609 distin-

1419 1627 1561 1659 guuntur
1585 1630 1602 1650 a
1625 1620 1803 1660 praecipere
1827 1620 1931 1660 primo
1956 1621 2055 1651 modo
2086 1631 2141 1661 per
2164 1621 2226 1651 hoc
2257 1623 2345 1662 quod
2369 1623 2485 1662 praeci-

1393 1685 1395 1705 ξ
1420 1673 1494 1704 pere
1517 1663 1622 1704 primo
1646 1664 1763 1700 modo,
1788 1664 1828 1694 ad
1851 1664 1941 1695 cuius
1965 1664 2222 1695 rectificationem
2252 1666 2382 1705 ponitur
2410 1677 2485 1707 pru-

1421 1707 1535 1744 dentia,
1560 1714 1606 1738 est
1629 1718 1723 1738 causa
1746 1708 1921 1738 electionis:
1946 1708 1979 1738 hi
2002 1715 2109 1739 autem
2132 1716 2194 1740 tres
2210 1716 2298 1740 actus
2322 1717 2397 1741 sunt
2419 1721 2485 1741 ma-

1419 1752 1497 1783 teria
1519 1759 1550 1783 et
1573 1751 1700 1783 effectus
1723 1752 1900 1789 electionis;
1926 1763 2000 1783 narn
2024 1760 2196 1794 postquam
2219 1753 2319 1784 homo
2343 1755 2486 1785 consulte

1420 1796 1514 1837 elegit
1531 1796 1755 1836 imperandum
1779 1796 1847 1826 aliis
1874 1804 1929 1828 aut
1953 1797 2112 1828 orandum
2135 1804 2190 1828 aut
2216 1798 2485 1837 promittendum,

1420 1841 1570 1880 imperat,
1596 1847 1681 1877 orat,
1705 1840 1871 1880 promittit.
1902 1841 1998 1872 Nulla
2029 1851 2103 1882 ergo
2131 1849 2179 1872 est
2208 1841 2428 1873 insufficientia
2454 1843 2486 1873 in

1421 1885 1636 1925 superioribus
1659 1885 1804 1915 admissa.

1477 1929 1528 1959 111.
1554 1929 1588 1959 In
1620 1929 1735 1959 eodem
1758 1929 1906 1965 articulo,
1933 1930 2013 1960 circa
2036 1930 2173 1969 primam
2200 1930 2419 1961 conditionem
2447 1932 2487 1961 ad

1420 1980 1533 2004 votum
1553 1973 1745 2014 requisitam,
1766 1973 1881 2004 scilicet
1903 1974 2172 2012 deliberationem,
2192 1974 2327 2005 dubium
2343 1975 2487 2011 occurrit,

1421 2027 1461 2048 an
1484 2024 1558 2048 vota
1581 2027 1617 2048 ex
1640 2017 1786 2048 facilitate
1809 2018 1922 2054 cordis,
1947 2028 1984 2048 ex
2003 2018 2168 2057 repentino
2191 2019 2316 2055 timore,
2333 2029 2370 2049 ex
2385 2019 2485 2050 nimio

1421 2062 1541 2096 dolore,
1567 2071 1603 2092 ex
1626 2071 1740 2102 magna
1764 2061 1966 2092 tribulatione
1989 2061 2079 2098 facta,
2104 2062 2167 2093 sint
2183 2073 2256 2093 vere
2271 2069 2356 2093 vota».
2380 2063 2421 2093 Et
2440 2070 2486 2094 est

1394 2121 1396 2127 ν
1420 2106 1499 2137 ratio
1519 2106 1607 2136 dubii
1631 2106 1706 2147 quia
1728 2105 1915 2136 huiusmodi
1934 2107 2162 2146 promissiones
2185 2106 2266 2138 fiunt
2285 2108 2404 2148 absque
2420 2118 2486 2138 tna-

1420 2158 1493 2182 turo
1516 2150 1674 2186 discursu,
1699 2160 1798 2191 quem
1828 2150 2012 2181 deliberatio
2035 2151 2196 2191 importat.
2226 2151 2371 2182 Dicimus
2400 2152 2486 2182 enim

1394 2210 1396 2221 ι
1421 2205 1457 2225 ea
1480 2204 1561 2235 quae
1585 2204 1622 2224 ex
1644 2194 1800 2234 passionis
1823 2195 1946 2234 impetu
1974 2195 2124 2231 facimus,
2149 2205 2215 2226 non
2243 2195 2411 2226 deliberate
2442 2196 2486 2226 fe-

1421 2239 1509 2275 cisse,
1531 2245 1563 2269 et
1585 2239 1727 2269 similiter
1749 2248 1831 2279 quae
1854 2245 1982 2279 repente
2005 2239 2138 2279 agimus.
2169 2239 2219 2276 Et,
2235 2240 2378 2276 breviter,
2396 2250 2487 2280 agere

1421 2293 1458 2314 ex
1482 2283 1696 2323 subreptione,
1720 2283 1866 2323 passione
1890 2290 1920 2314 et
1943 2283 2106 2319 facilitate,
2131 2290 2241 2314 contra
2264 2293 2355 2324 agere
2378 2294 2415 2314 ex
2438 2285 2488 2314 de-

1419 2327 1604 2358 liberatione
1628 2327 1778 2367 distingui
1802 2327 2015 2358 communiter
2037 2328 2174 2358 videtur:
2198 2334 2235 2358 ut
2258 2335 2343 2368 patet
2365 2338 2403 2358 ex
2426 2328 2488 2359 hoc

1420 2372 1509 2412 quod
1538 2368 1638 2402 inulta
1661 2372 1837 2402 voluntarie
1859 2371 2000 2412 agimus,
2025 2378 2056 2402 et
2085 2372 2280 2412 quandoque
2305 2372 2487 2403 iuramento

1421 2415 1601 2451 firmamus,
1627 2426 1709 2456 quae
1732 2423 1838 2446 tamen
1862 2426 1919 2446 nec
1943 2416 2112 2446 deliberate
2135 2416 2258 2456 agimus
2294 2427 2352 2447 nec
2375 2427 2412 2447 ex
2435 2417 2488 2447 de-

1420 2460 1605 2490 liberatione
1627 2459 1808 2490 iuramento
1831 2459 2013 2496 firmamus,
2038 2467 2073 2490 ut
2097 2467 2182 2500 patet
2205 2460 2237 2490 in
2261 2461 2488 2491 communibus

1422 2503 1650 2535 locutionibus.

1477 2548 1518 2578 Et
1541 2547 1756 2578 confirmatur.
1786 2548 1870 2585 Quia
1894 2548 2076 2579 deliberatio
2097 2556 2156 2579 vaut
2177 2549 2347 2589 requiritur
2369 2549 2409 2579 ad
2432 2559 2488 2579 vo-

1421 2599 1492 2623 tum
1516 2599 1551 2622 ut
1574 2592 1702 2632 proprie
1717 2592 1854 2622 sumitur
1876 2599 1908 2623 et
1930 2592 2134 2632 distinguitur
2153 2600 2261 2624 contra
2284 2593 2488 2634 propositum

1423 2643 1454 2667 et
1476 2636 1738 2676 promissionem:
1763 2644 1818 2667 aut
1841 2644 1876 2667 ut
1900 2637 2112 2667 communiter
2135 2637 2271 2668 sumitur
2294 2647 2352 2678 pro
2374 2638 2487 2668 volun-

1423 2681 1503 2711 tario
1526 2681 1632 2711 libere.
1664 2681 1739 2710 Non
1766 2681 1829 2711 hoc
1852 2681 1992 2711 secundo
2016 2682 2131 2711 modo:
2163 2682 2237 2722 quia
2256 2682 2310 2712 ,sic
2333 2681 2488 2713 sufficeret

1424 2725 1525 2755 dicere
1549 2725 1638 2765 quod
1656 2725 1695 2754 ad
1711 2731 1825 2755 votum
1841 2725 2010 2765 requiritur
2029 2726 2232 2765 propositum
2251 2733 2281 2756 et
2304 2726 2485 2766 promissio.

1423 2769 1508 2808 Ergo
1538 2769 1642 2809 primo
1673 2769 1782 2799 modo.
1814 2771 1862 2799 Ac
1891 2778 1948 2808 per
1975 2769 2053 2806 hoc,
2085 2779 2151 2799 non
2179 2769 2283 2799 omnis
2310 2770 2487 2800 voluntaria

1423 2812 1595 2852 promissio
1614 2813 1684 2843 Deo
1708 2812 1790 2843 facta
1806 2819 1852 2843 est
1873 2819 2001 2843 votum:
2026 2813 2100 2853 quia
2119 2820 2179 2843 stat
2201 2814 2288 2854 quod
2312 2814 2351 2844 sit
2372 2814 2486 2844 volun-

1423 2863 1469 2887 tas
1493 2866 1567 2886 cum
1590 2856 1767 2896 proposito,
1792 2863 1823 2887 et
1846 2863 1951 2887 tamen
1975 2866 2041 2887 non
2065 2857 2105 2887 sit
2128 2857 2305 2893 deliberata,
2330 2858 2486 2913 sumendo

1423 2900 1550 2940 proprie
1575 2900 1843 2931 deliberationem.

2509 971 2518 981 ⁸
2525 969 2573 997 Qu.
2582 975 2637 996 nvn,
2646 973 2688 991 art.
2695 967 2719 989 6.

1480 2944 1532 2975 1v.
1557 2945 1607 2975 Ad
1630 2945 1691 2975 hoc
1715 2944 1828 2975 dicitur
1851 2945 1939 2985 quod
1958 2945 2046 2975 nulla
2066 2951 2112 2975 est
2135 2945 2186 2975 hic
2210 2944 2375 2976 difficultas
2398 2947 2487 2986 quod
2515 2935 2519 2939 ’

1424 2988 1606 3019 deliberatio
1635 2989 1811 3029 requiratur
1833 2989 1873 3018 ad
1895 2995 2028 3025 votum,
2053 2989 2108 3019 sed
2138 2988 2303 3020 difficultas
2333 2997 2379 3020 est
2407 2990 2485 3030 quid

1423 3031 1582 3072 importat*
1605 3032 1788 3064 deliberatio
1821 3033 1859 3063 ad
1889 3039 2004 3064 votum
2036 3033 2194 3074 requisita.
2229 3034 2422 3070 Richardus,
2453 3034 2486 3064 in

1424 3077 1557 3113 Quarto,
1578 3076 1648 3108 dist.
1657 3087 1772 3107 xxxvm
1786 3076 1813 3112 *‚
1836 3083 1925 3108 actus
1943 3077 2140 3108 voluntarios
2164 3078 2328 3118 distinguit
2346 3078 2378 3108 in
2398 3085 2485 3109 actus
2514 3091 2524 3100 ⁸

1425 3120 1612 3151 deliberatos
1640 3128 1671 3151 et
1693 3131 1759 3151 non
1783 3121 1984 3158 deliberatos,
2010 3122 2171 3162 appellans
2201 3122 2386 3154 deliberatos
2414 3122 2487 3153 illos

1425 3165 1480 3205 qui
1504 3172 1578 3195 sunt
1606 3165 1699 3205 plene
1721 3165 1909 3202 voluntarii,
1934 3175 1998 3196 non
2028 3165 2215 3196 deliberatos
2237 3176 2312 3197 vero
2342 3166 2398 3207 qui
2421 3177 2486 3196 non

1425 3215 1499 3239 sunt
1521 3209 1614 3249 plene
1636 3209 1816 3246 voluntarii,
1839 3209 1895 3250 qui
1918 3210 2035 3240 scilicet
2057 3220 2113 3250 per
2136 3211 2373 3251 subreptionem
2396 3210 2485 3241 fiunt.

1424 3253 1465 3283 Et
1487 3253 1555 3284 vult
1577 3254 1666 3294 quod
1682 3261 1756 3285 vota
1775 3263 1831 3294 per
1845 3254 2083 3294 subreptionem
2099 3264 2164 3284 non
2181 3254 2320 3294 obligent
2342 3255 2382 3284 ad
2401 3264 2486 3285 mor-

1423 3297 1495 3328 tale.
1519 3315 1540 3320 -
1563 3297 1673 3328 Petrus
1696 3308 1771 3328 vero
1788 3298 1827 3328 de
1841 3298 1970 3334 Palude,
1994 3298 2111 3328 ibidem
2122 3298 2149 3333 *,
2165 3299 2234 3329 vult
2249 3299 2338 3339 quod
2357 3299 2410 3329 illa
2433 3299 2485 3329 de-

1424 3341 1567 3372 liberatio
1591 3352 1672 3382 quae
1696 3341 1811 3372 sufficit
1833 3342 1872 3372 ad
1896 3342 2155 3373 constituendum
2179 3342 2343 3373 hominem
2359 3351 2486 3373 servum

1424 3385 1542 3416 diaboli
1565 3396 1621 3426 per
1643 3393 1809 3426 peccatum
1833 3387 1981 3422 mortale,
2005 3385 2140 3417 sufficiat
2162 3387 2202 3416 ad
2226 3387 2483 3418 constituendum

1424 3429 1600 3460 debitorem
1614 3430 1684 3460 Deo
1707 3440 1764 3470 per
1776 3437 1899 3460 votum.
1924 3430 2001 3461 Vult
2025 3437 2130 3460 tamen
2153 3431 2242 3471 quod
2260 3438 2334 3462 vota
2358 3431 2486 3462 faciliter

1423 3473 1505 3504 facta
1527 3483 1593 3504 non
1617 3481 1691 3505 sunt
1714 3483 1943 3515 usquequaque
1966 3473 2161 3514 obligatoria.

1478 3517 1512 3548 Si
1529 3518 1602 3558 quis
1618 3525 1724 3549 autem
1747 3518 1911 3558 diligenter
1934 3518 2102 3549 doctorum
2122 3518 2203 3549 dicta
2218 3518 2393 3550 consideret
2412 3529 2486 3550 con-

1396 3577 1399 3593 i
1423 3561 1618 3592 venientium
1641 3563 1673 3592 in
1697 3562 1758 3592 hoc
1782 3562 1870 3603 quod
1893 3562 1932 3592 ad
1955 3568 2068 3593 votum
2092 3562 2224 3602 exigitur
2247 3563 2439 3600 deliberatio,
2456 3570 2487 3594 et

2539 3091 2589 3112 Art.
2605 3097 2630 3118 2,
2645 3097 2683 3118 qu.
2702 3097 2722 3112 2.

2513 3312 2579 3340 Qu.
2591 3318 2610 3339 1,
2625 3312 2691 3333 defln.
2703 3318 2722 3338 2,

2514 3339 2590 3361 concl.
2594 3328 2615 3364 2⁷:
2626 3338 2692 3360 defin.
2699 3346 2723 3364 4

2514 3365 2587 3388 concl-
2602 3372 2621 3394 3.
