2860 4244
161 3255 172 3265 ·
179 3254 232 3276 Vid.
241 3255 371 3277 Comment.

163 3281 235 3303 Caiet.
242 3285 295 3309 post
304 3285 345 3303 m.
352 3287 372 3303 2.

160 3405 170 3415 ⁸
186 3404 242 3432 Cap.
262 3404 350 3427 Verum.

407 229 411 233 “
420 237 435 248 x

412 317 489 363 344

466 395 527 426 Sed
550 402 670 434 praeter
693 395 773 424 hanc
796 394 1022 433 obligationem
1046 393 1085 422 ad
1101 392 1262 422 veritatem
1285 391 1466 428 locutionis,

410 449 491 479 quae
515 445 561 468 est
588 438 730 478 proxima
754 437 880 467 materia
904 436 1087 471 iuramenti,
1114 435 1291 475 consurgit,
1317 435 1371 465 sed
1402 445 1466 465 non

411 492 534 522 semper
550 489 580 512 et
603 481 776 512 necessario
799 481 853 510 sed
876 481 1078 520 quandoque,
1095 479 1181 510 iuxta
1198 479 1361 510 materiam
1380 479 1466 509 locu-

411 526 522 564 tionis,
547 535 609 555 una
637 525 697 554 alia
721 524 870 563 obligatio
895 524 926 553 in
950 524 1088 559 iurante,
1114 523 1231 554 scilicet
1254 523 1404 563 obligatio
1428 523 1466 553 ad

411 569 635 600 verificandum
658 568 746 608 quod
771 567 891 597 dicitur.
922 567 962 598 Et
985 567 1046 597 hoc
1070 577 1135 597 non
1160 568 1253 598 habet
1276 568 1385 598 locum
1408 567 1466 597 nisi

411 614 443 643 in
465 613 626 643 locutione
651 611 854 651 promissoria
877 611 1024 641 materiae
1046 611 1158 641 licitae.
1182 612 1248 642 Nec
1271 611 1317 641 vis
1341 611 1399 641 ista
1422 618 1467 641 est

411 657 470 686 alia
486 667 503 686 a
517 656 547 685 vi
563 655 756 686 testificativa
772 655 947 685 secundum
964 655 1140 691 essentiam,
1158 656 1212 686 sed
1235 656 1411 685 secundum
1427 655 1469 685 ef-

411 700 544 730 fectum:
565 699 719 739 quoniam
735 699 780 729 vis
797 699 982 739 obligatoria
999 698 1038 728 ad
1053 698 1215 730 veritatem
1232 699 1383 730 affuturae
1399 709 1466 729 exe-

411 743 545 773 cutionis
565 742 706 773 consistit
724 743 756 772 in
773 743 833 773 hoc
856 743 944 783 quod
961 743 1047 773 Deus
1062 742 1227 774 invocatur
1243 744 1327 774 testis
1343 743 1466 774 futurae

409 786 555 817 veritatis.
580 787 640 817 Sed
665 786 739 826 quia
755 786 884 816 materia
901 786 1023 817 futurae
1039 786 1177 817 veritatis
1200 788 1394 828 quandoque
1413 787 1468 817 ini-

409 841 471 870 qua
488 837 543 866 est,
569 837 598 860 et
622 829 765 860 divinum
788 830 1007 861 testimonium
1028 840 1094 860 non
1111 831 1202 862 debet
1221 842 1288 862 esse
1303 831 1465 862 vinculum

408 874 596 914 iniquitatis;
628 873 700 904 ideo
723 874 770 904 vis
795 874 872 905 haec
897 874 1083 914 obligatoria
1106 875 1146 905 ad
1168 875 1395 906 verificandum
1419 875 1467 905 fu-

408 925 526 954 turum,
551 917 676 948 nullum
693 918 786 949 habet
803 917 948 949 effectum
968 919 1097 959 quando
1114 929 1180 950 non
1196 919 1290 950 habet
1304 919 1465 950 materiam

409 971 564 1001 capacem.
594 961 699 992 Prima
722 969 828 992 autem
851 963 898 993 vis
922 973 1047 1003 semper
1068 963 1162 994 habet
1185 974 1280 994 suum
1304 963 1465 999 effectum,

407 1005 439 1035 in
463 1015 664 1046 quacumque
688 1006 816 1036 materia
840 1005 903 1037 fiat.

464 1050 509 1079 Ex
529 1049 577 1079 his
601 1056 708 1080 autem
732 1057 816 1090 patet
839 1051 928 1091 quod
951 1051 1165 1081 iuramentum
1189 1052 1348 1091 duplicem
1371 1051 1466 1081 firmi-

406 1100 504 1123 tatem
528 1093 612 1124 dicto
636 1094 778 1124 humano
803 1102 953 1134 praestat:
987 1095 1103 1125 scilicet
1126 1094 1306 1126 firmitatem
1330 1095 1465 1126 veritatis

409 1146 506 1174 nunc;
531 1145 561 1168 et
584 1136 764 1168 firmitatem
788 1139 988 1178 obligationis
1007 1139 1046 1169 ad
1062 1138 1287 1169 verificandum
1310 1139 1463 1169 futurum.

407 1181 546 1211 Primam
570 1182 623 1212 dat
646 1192 682 1212 ex
705 1182 735 1212 vi
759 1182 953 1214 testificativa
976 1183 1158 1222 simpliciter
1181 1190 1211 1213 et
1234 1184 1394 1214 absolute:
1419 1193 1463 1213 se-

408 1225 545 1256 cundam
565 1226 618 1256 dat
632 1225 663 1255 in
684 1226 738 1256 tali
755 1227 892 1263 materia,
910 1227 1026 1257 scilicet
1048 1226 1261 1266 promissoria.
1286 1228 1327 1257 Et
1350 1227 1375 1257 si
1399 1226 1466 1267 qui—

408 1270 481 1299 dem
510 1269 723 1300 iuramentum
751 1270 952 1301 induceretur
982 1270 1165 1310 simpliciter
1194 1277 1224 1300 et
1253 1271 1396 1301 absolute
1426 1271 1463 1300 ad

408 1313 661 1344 constituendam
685 1321 851 1354 utramque
874 1314 1064 1350 firmitatem,
1089 1314 1170 1345 sicut
1193 1320 1239 1344 est
1261 1315 1394 1344 mortale
1410 1325 1464 1354 ap-

407 1367 525 1397 ponere
547 1358 761 1388 iuramentum
785 1359 932 1389 materiae
962 1368 1027 1388 non
1053 1357 1261 1388 confirmabili
1284 1358 1391 1399 quoad
1414 1368 1464 1388 ve-

406 1401 543 1437 ritatem,
564 1402 680 1432 scilicet
703 1403 885 1440 mendacio,
910 1409 944 1432 ut
968 1412 1042 1432 cum
1065 1402 1268 1432 mendacium
1286 1403 1464 1433 iuramento

406 1445 563 1481 firmatur;
587 1445 630 1476 ita
654 1453 734 1476 esset
757 1446 889 1476 mortale
913 1456 1072 1486 apponere
1091 1446 1305 1477 iuramentum
1329 1446 1463 1486 promis-

406 1490 488 1520 sioni
510 1490 688 1520 iuramento
713 1500 777 1520 non
802 1490 1010 1520 confirmabili
1034 1491 1140 1531 quoad
1164 1490 1404 1531 obligationem,
1430 1498 1464 1521 ut

407 1544 480 1564 cum
504 1534 575 1574 quis
589 1534 670 1564 iurat
693 1533 792 1564 facere
808 1534 955 1565 illicitum
974 1541 1029 1565 aut
1052 1545 1118 1565 non
1141 1534 1241 1565 facere
1265 1535 1388 1566 bonum
1412 1545 1463 1565 su-

407 1577 667 1618 pererogationis:
701 1578 856 1618 quoniam
886 1578 1055 1619 utrobique
1086 1578 1248 1609 tolleretur
1277 1578 1347 1609 finis
1378 1579 1462 1609 iura-

407 1622 514 1658 menti,
528 1622 571 1652 ibi
592 1621 721 1652 firmitas
736 1623 882 1659 veritatis,
894 1623 944 1653 hic
960 1622 1090 1653 firmitas
1106 1623 1318 1663 obligationis.
1340 1623 1380 1654 Et
1395 1633 1464 1663 pro-

406 1673 474 1706 pter
489 1666 569 1696 hanc
586 1666 740 1697 rationem
761 1666 892 1697 iudicari
912 1667 1036 1698 videtur
1051 1667 1226 1707 periurium
1242 1668 1371 1708 quando
1392 1668 1463 1708 quis

405 1710 488 1741 iurat
507 1710 606 1741 facere
630 1711 761 1747 malum,
779 1717 833 1742 aut
856 1711 1000 1742 omittere
1023 1711 1147 1742 bonum
1167 1711 1462 1752 supererogationis.

464 1754 526 1785 Sed
547 1754 763 1785 iuramentum
793 1765 867 1786 cum
891 1755 968 1785 nihil
998 1755 1083 1786 aliud
1114 1755 1153 1786 sit
1175 1766 1272 1796 quam
1302 1756 1408 1786 Deum
1431 1755 1462 1785 in

406 1805 516 1829 testem
540 1798 703 1835 inducere;
735 1806 766 1829 et
789 1806 911 1830 constet
940 1800 1029 1840 quod
1051 1806 1144 1830 testes
1174 1810 1239 1830 non
1270 1800 1464 1831 inducuntur

406 1843 445 1873 ad
478 1843 642 1873 vinculum
671 1843 872 1883 obligationis
902 1844 1135 1878 inducendum,
1167 1845 1222 1874 sed
1253 1844 1292 1874 ad
1323 1844 1462 1875 testimo-

405 1886 496 1916 nium
518 1887 748 1927 perhibendum
773 1887 893 1918 veritati
917 1894 946 1918 et
975 1898 1041 1918 non
1065 1887 1103 1917 ad
1124 1888 1228 1924 aliud,
1253 1887 1285 1918 in
1311 1898 1463 1929 quacum-

406 1940 468 1971 que
491 1931 619 1962 materia
643 1931 682 1962 sit
705 1938 735 1962 et
757 1939 898 1972 respectu
931 1931 1161 1972 cuiuscumque
1184 1931 1373 1963 differentiae
1388 1939 1465 1963 tem-

405 1975 508 2015 poris:
534 1985 731 2016 consequens
750 1983 796 2006 est
818 1976 906 2016 quod
930 1976 997 2006 sola
1014 1975 1212 2006 confirmatio
1236 1976 1310 2007 dicti
1333 1977 1463 2007 humani

404 2016 512 2060 quoad
541 2020 703 2050 veritatem
738 2020 777 2051 sit
806 2019 876 2050 finis
906 2019 1098 2051 inductionis
1126 2021 1185 2051 Dei
1212 2020 1246 2050 in
1269 2027 1396 2057 testem;
1430 2031 1463 2052 ac

404 2074 459 2103 per
483 2064 562 2100 hoc,
593 2064 709 2094 falsitas
742 2063 815 2094 dicti
846 2064 977 2094 humani
1009 2064 1077 2094 sola
1109 2064 1315 2095 contrarietur
1343 2065 1462 2096 veritati

405 2115 435 2138 et
462 2108 529 2138 eius
552 2107 709 2144 firmitati,
733 2108 887 2148 tollatque
917 2107 1014 2138 finem
1042 2108 1220 2139 iuramenti.
1253 2108 1462 2139 Confirmatio

404 2159 511 2182 autem
539 2151 740 2192 obligationis
771 2152 995 2192 promissoriae
1024 2152 1056 2182 in
1079 2152 1201 2183 iurante
1229 2163 1295 2183 non
1319 2160 1365 2184 est
1392 2153 1463 2183 finis

403 2196 550 2237 proprius
574 2196 752 2232 iuramenti,
777 2196 831 2227 sed
855 2206 1052 2237 consequens
1068 2197 1107 2227 ad
1126 2197 1233 2237 ipsum
1249 2197 1461 2228 iuramentum

403 2241 436 2271 in
459 2240 588 2271 materia
612 2240 771 2280 disposita.
802 2241 843 2270 Et
870 2247 1054 2281 propterea,
1077 2241 1149 2272 licet
1172 2241 1328 2272 nonnulla
1350 2241 1462 2272 irreve—

403 2285 502 2316 rentia
524 2285 563 2316 sit
587 2294 746 2325 apponere
769 2285 984 2320 iuramentum
1004 2285 1151 2315 materiae
1168 2285 1235 2316 eius
1251 2292 1390 2316 remotae
1409 2286 1461 2316 ha—

404 2329 488 2360 benti
512 2329 753 2369 repugnantiam
776 2336 919 2369 respectu
942 2329 1096 2360 firmitatis
1113 2330 1325 2370 obligationis,
1349 2340 1386 2360 ac
1408 2340 1464 2370 per

404 2373 465 2403 hoc
487 2373 673 2413 impedienti
697 2383 767 2404 eam
795 2383 877 2414 quae
900 2380 1083 2414 sequeretur
1106 2383 1143 2404 ex
1165 2374 1343 2405 iuramento
1366 2373 1462 2405 firmi-

403 2424 500 2448 tatem
516 2417 732 2457 obligationis;
757 2418 831 2458 quia
855 2424 960 2448 tamen
977 2417 1106 2448 materia
1125 2418 1268 2458 proxima
1283 2418 1461 2455 iuramenti,

403 2471 485 2502 quae
509 2469 554 2492 est
577 2462 678 2492 oratio
701 2472 783 2498 vera,
809 2468 854 2492 est
876 2462 1006 2492 materia
1023 2472 1087 2492 non
1104 2472 1292 2503 repugnans,
1314 2473 1379 2492 non
1403 2463 1462 2493 tol-

402 2505 476 2536 litur
494 2505 565 2536 finis
584 2505 731 2546 proprius
750 2506 931 2536 iuramenti:
952 2506 1027 2546 quia
1041 2516 1113 2536 vere
1129 2506 1332 2537 confirmatur
1351 2507 1462 2537 huma-

403 2559 483 2580 num
498 2550 619 2580 dictum
635 2550 742 2590 quoad
758 2550 919 2580 veritatem
937 2557 1132 2590 praesentem
1148 2558 1178 2581 et
1197 2551 1346 2586 futuram,
1363 2561 1462 2591 quan-

402 2601 472 2625 tum
488 2602 534 2625 est
556 2604 592 2624 ex
610 2593 785 2624 intentione
801 2594 975 2624 invocantis
995 2595 1100 2624 Deum
1119 2594 1151 2624 in
1171 2602 1282 2625 testem
1298 2595 1462 2635 utriusque

402 2638 553 2674 veritatis;
578 2645 608 2669 et
626 2638 712 2668 Deus
728 2648 799 2668 vere
819 2645 924 2678 potest
943 2638 1107 2679 utriusque
1123 2639 1208 2670 testis
1225 2649 1300 2674 esse,
1317 2640 1462 2679 quamvis

402 2693 468 2713 non
491 2682 603 2713 inferat
622 2682 780 2713 invocatio
797 2682 855 2712 ista
871 2682 1035 2714 vinculum
1050 2683 1082 2712 in
1098 2682 1219 2713 iurante
1241 2683 1280 2712 ad
1303 2682 1461 2714 verifican-

402 2727 480 2757 dum
500 2726 654 2757 futurum.
675 2727 716 2757 Et
735 2725 806 2756 ideo
826 2736 891 2756 non
909 2734 955 2757 est
969 2726 1096 2767 periurii
1112 2727 1230 2767 species
1244 2726 1303 2757 nisi
1321 2726 1359 2757 sit
1374 2737 1459 2758 men-

401 2771 527 2802 dacium
551 2771 730 2801 iuramento
744 2771 927 2811 firmatum.

458 2815 509 2846 IV.
533 2817 706 2846 Attestatur
729 2821 834 2845 autem
864 2815 939 2845 huic
962 2814 1122 2846 doctrinae
1146 2815 1300 2855 quoniam
1323 2825 1381 2854 pro
1405 2815 1458 2846 de—

401 2858 542 2890 finitione
566 2859 693 2900 periurii
717 2859 928 2890 communiter
948 2866 1127 2899 acceptatur
1149 2860 1237 2900 quod
1261 2866 1307 2890 est
1329 2860 1458 2890 menda-

1071 314 1336 361 QUAESTIO
1366 314 1540 361 XCVIII,
1570 315 1866 352 ARTICULUS
1897 317 1944 352 III

1523 393 1606 422 cium
1631 394 1815 424 iuramanto
1835 394 2027 434 firmatum,
2053 401 2083 424 et
2106 404 2143 424 ex
2167 395 2207 424 111
2228 394 2333 432 Seni„
2358 395 2428 426 dist.
2450 406 2541 426 xxxix
2555 396 2582 427 *.

1522 436 1587 466 Nec
1610 438 1732 467 Auctor
1762 438 1854 468 docet
1883 438 1933 468 hic
1962 438 2159 478 oppositum.
2192 439 2355 475 Quoniam
2385 442 2506 471 Auctor
2534 450 2583 470 ex-

1522 489 1627 519 presse
1650 480 1683 510 in
1706 481 1837 512 articulo
1861 482 1965 521 primo
1989 481 2161 521 periurium
2188 481 2318 513 falsitate
2342 483 2521 519 constituit;
2554 491 2584 514 et

1521 523 1558 553 in'
1578 525 1717 555 secundo
1742 533 1906 565 peccatum
1930 525 2058 565 periurii
2082 533 2191 556 contra
2214 526 2419 557 reverentiam
2443 527 2581 558 divinam

1523 567 1660 599 decernit
1690 577 1818 609 propter
1845 569 2012 599 falsitatem
2036 569 2205 605 orationis,
2230 577 2265 600 ut
2293 577 2378 610 patet
2404 580 2441 600 ex
2463 571 2584 602 ratione

1522 621 1620 652 quam
1643 612 1738 648 affert,
1763 613 1879 643 scilicet
1901 614 1990 653 quod
2013 614 2063 644 vel
2084 614 2175 644 Deus
2198 615 2362 644 veritatem
2387 624 2450 644 non
2466 624 2582 655 cogno-

1521 660 1605 693 scat,
1629 657 1678 686 vel
1691 656 1874 697 falsitatem
1901 658 2065 698 testificari
2092 658 2166 688 velit
2172 665 2185 694 ,·
2209 665 2239 688 et
2254 664 2420 698 propterea
2435 658 2468 688 in
2491 659 2583 690 tertio

1521 699 1653 730 articulo
1677 700 1751 731 dicit
1774 702 1863 741 quod
1887 711 1983 732 omne
2006 701 2184 741 periurium.
2205 709 2250 732 est
2273 702 2417 733 mortale.
2447 702 2584 733 intendit

1521 743 1678 783 siquidem
1701 746 1822 775 Auctor
1845 745 1883 775 de
1907 745 2045 785 periurio
2069 745 2252 786 simpliciter
2271 753 2301 776 et
2324 746 2478 782 absolute,
2495 747 2583 787 quod

1522 794 1567 817 est
1591 788 1792 819 mendacium
1816 788 1994 819 iuramento
2018 788 2193 826 firmatum,
2218 789 2268 820 cui
2293 790 2379 820 deest
2402 789 2528 821 veritas:
2553 796 2584 821 et

1522 841 1587 861 non
1616 832 1654 862 de
1678 832 1816 871 periurio
1840 834 2016 863 secundum
2040 833 2133 874 quid,
2158 834 2246 874 quod
2275 841 2321 864 est
2348 834 2523 874 periurium
2547 844 2583 864 ex

1522 875 1645 906 defectu
1673 876 1780 906 iudicii
1803 882 1858 907 aut
1881 876 2025 908 iustitiae.
2058 878 2093 907 In
2121 878 2210 908 cuius
2238 878 2382 918 signum,
2405 880 2527 909 Auctor
2549 878 2582 908 in

1521 919 1652 949 articulo
1677 920 1833 955 secund0,
1857 920 1889 950 in
1914 921 2120 960 responsione
2149 922 2188 951 ad
2216 922 2374 962 primum,
2399 922 2490 953 dicit:
2519 922 2583 959 Qui

1522 965 1609 994 iurat
1635 973 1670 994 se
1690 963 1864 1004 facturum
1889 964 2012 1005 aliquid
2043 965 2205 1002 illicitum,
2239 967 2376 996 incurrit
2398 967 2580 1006 periurium

1515 1013 1650 1048 propter
1672 1007 1830 1048 defectum
1847 1009 2005 1038 iustitiae:
2028 1016 2058 1039 et
2080 1018 2147 1038 non
2166 1009 2241 1039 dicit
2264 1010 2418 1044 absolute,
2443 1011 2581 1041 incurrit

1515 1053 1716 1092 periurium,
1743 1052 1796 1082 sed
1821 1062 1895 1082 cum
1918 1052 1971 1082 illa
1994 1052 2171 1088 additione,
2190 1058 2326 1093 propter
2351 1053 2509 1094 defectum
2534 1055 2581 1084 iu-

1519 1097 1633 1126 stitiae.
1659 1097 1700 1126 Et
1723 1096 1864 1126 similiter
1887 1096 1961 1127 dicit
1983 1096 2016 1126 in
2038 1096 2245 1136 responsione
2268 1097 2308 1127 ad
2331 1098 2518 1134 secundum,
2543 1099 2581 1128 de

1520 1139 1641 1170 iurante
1665 1150 1759 1179 super
1778 1140 1988 1180 promissione
2003 1140 2178 1176 indiscreta,
2203 1141 2292 1181 quod
2315 1142 2453 1172 incurrit
2469 1143 2580 1181 periu-

1521 1185 1604 1214 rium
1622 1189 1758 1224 propter
1780 1184 1937 1226 defectum
1963 1185 2089 1215 iudicii:
2113 1192 2143 1215 et
2166 1195 2231 1215 non
2257 1185 2333 1215 dixit
2355 1185 2509 1221 absolute,
2534 1186 2581 1216 in-

1520 1229 1623 1258 currit
1639 1229 1833 1268 periurium.
2000 1239 2002 1242 ·

1550 1325 1570 1344 N
1594 1315 1725 1345 articulo
1750 1316 1899 1352 secundo,
1917 1323 1993 1347 nota
2022 1316 2185 1356 diligenter
2204 1316 2446 1357 responsionem
2469 1317 2509 1347 ad
2523 1324 2582 1347 ter-

1524 1326 1647 1388 Itium:
1671 1360 1839 1399 quomodo
1860 1360 2092 1399 interpretanda
2115 1367 2188 1391 sunt
2211 1360 2387 1392 iuramenta
2409 1368 2440 1392 et
2463 1361 2582 1401 obliga-

1518 1402 1620 1432 tiones
1644 1403 1683 1432 ad
1706 1403 1894 1434 mandatum
1917 1404 2043 1434 alterius
2066 1404 2280 1435 subeundum.

1574 1447 1615 1477 Et
1638 1447 1885 1487 diligentissime,
1909 1447 1942 1477 in
1964 1447 2170 1488 responsione
2193 1449 2233 1478 ad
2256 1455 2415 1489 quartum,
2431 1449 2520 1480 illam
2535 1458 2581 1479 re-

1518 1491 1643 1530 gulam:
1668 1491 1890 1522 [uramentum
1908 1496 1954 1522 est
1968 1493 2051 1522 actio
2065 1493 2256 1531 personalis.
2282 1493 2446 1530 Quoniam
2461 1503 2498 1524 ex
2516 1493 2580 1524 hoc

1519 1535 1661 1575 sequitur
1683 1536 1771 1576 quod
1788 1545 1854 1565 non
1873 1535 1983 1566 transit
2000 1536 2033 1566 in
2050 1536 2222 1566 secundam
2241 1546 2421 1576 personam.
2445 1537 2486 1568 Et
2508 1547 2581 1577 pro-

1518 1586 1633 1620 pterea,
1653 1579 1726 1610 licet
1748 1579 1837 1610 heres
1856 1587 1998 1611 teneatur
2013 1580 2134 1611 solvere
2150 1581 2293 1611 debitum
2315 1581 2405 1621 quod
2427 1587 2516 1622 pater
2533 1580 2582 1612 iu-

1518 1623 1597 1654 ravit
1619 1624 1756 1659 solvere,
1782 1634 1848 1654 non
1872 1630 1978 1654 tamen
2001 1631 2124 1655 tenetur
2148 1634 2185 1655 ex
2206 1624 2404 1662 iuramento,
2428 1625 2484 1656 sed
2507 1625 2582 1666 quia

1518 1667 1616 1699 heres.
1647 1668 1688 1698 Et
1711 1667 1852 1698 similiter
1880 1668 1906 1698 si
1934 1675 2121 1708 procurator
2147 1669 2262 1703 iuravit
2284 1669 2317 1699 in
2341 1679 2434 1701 causa
2457 1669 2580 1710 aliqua,

1517 1712 1590 1742 licet
1618 1711 1798 1752 principalis
1827 1718 1970 1743 teneatur
1992 1713 2068 1753 quia
2094 1713 2293 1753 principalis,
2317 1723 2383 1744 non
2407 1720 2512 1745 tamen
2536 1719 2581 1745 te-

1519 1762 1611 1786 netur
1633 1766 1670 1786 ex
1692 1756 1723 1786 vi
1746 1755 1914 1786 iuramenti
1937 1756 2009 1787 facti
2025 1767 2043 1787 a
2059 1767 2118 1788 suo
2134 1764 2349 1796 procuratore.
2373 1758 2416 1789 Et
2438 1757 2582 1789 similiter

1518 1800 1543 1830 si
1560 1800 1770 1840 episcopatus,
1788 1807 1843 1830 aut
1862 1801 2090 1842 quodcumque
2107 1801 2192 1831 aliud
2207 1801 2350 1832 officium
2373 1808 2427 1833 aut
2450 1802 2580 1842 quaevis

1519 1844 1667 1884 dignitas,
1692 1844 1804 1874 habeat
1831 1845 1932 1875 multa
1953 1845 2130 1876 iuramenta
2157 1855 2295 1881 annexa,
2318 1845 2465 1877 videlicet
2492 1846 2580 1886 quod

1517 1895 1682 1928 acceptans
1706 1888 1767 1919 hoc
1791 1894 1837 1919 est
1860 1888 2016 1928 obligatus
2040 1890 2079 1919 ad
2111 1889 2172 1919 hoc
2195 1897 2226 1920 et
2248 1889 2327 1920 illud
2358 1897 2389 1921 et
2416 1886 2581 1922 consuevit

1517 1932 1634 1962 firmari
1657 1931 1808 1972 obligatio
1836 1932 2033 1969 iuramento,
2058 1933 2084 1963 si
2112 1933 2226 1974 aliquis
2253 1934 2373 1974 absque
2399 1934 2580 1966 iuramento

1517 1983 1665 2016 acceptet,
1690 1987 1755 2007 non
1779 1983 1903 2007 tenetur
1921 1977 1960 2006 ad
1974 1977 2027 2007 illa
2043 1987 2080 2007 ex
2095 1977 2274 2008 iuramento
2289 1978 2579 2017 praedecessorum.

2612 399 2620 407 ·
2630 396 2666 419 ef.
2677 396 2748 420 ..τη
2755 398 2820 425 ibid„

2611 427 2652 445 art.
2667 430 2691 450 4.

1517 2021 1558 2051 Et
1581 2021 1606 2051 si
1629 2030 1695 2051 non
1711 2027 1792 2051 esset
1815 2020 1900 2051 aliud
1923 2021 2088 2052 vinculum
2111 2021 2254 2061 obligans
2277 2021 2317 2051 ad
2340 2021 2393 2052 illa
2415 2021 2476 2052 nisi
2497 2022 2580 2053 iura·
2618 2027 2622 2031 “

1517 2072 1679 2101 mentum,
1705 2071 1785 2095 esset
1815 2065 1949 2095 omnino
1979 2066 2058 2096 liber
2085 2066 2123 2096 ab
2152 2065 2212 2095 illis
2235 2065 2483 2105 obligationibus
2509 2066 2580 2098 talis

1517 2118 1666 2150 persona:
1695 2109 1750 2139 sed
1773 2108 1799 2138 si
1823 2116 1869 2140 est
1892 2109 1977 2140 aliud
2000 2109 2165 2140 vinculum
2189 2110 2334 2150 obligans
2357 2109 2499 2141 officium
2523 2121 2579 2142 seu

1516 2153 1716 2193 dignitatem,
1741 2160 1818 2193 puta
1841 2153 2006 2184 vinculum
2029 2154 2136 2185 statuti
2160 2161 2215 2184 aut
2238 2160 2433 2190 contractus,
2457 2154 2580 2186 ratione

1515 2197 1701 2228 huiusmodi
1725 2197 1843 2228 vinculi
1871 2204 2028 2229 teneretur
2051 2208 2173 2229 servare
2196 2198 2248 2229 ille
2278 2198 2335 2239 qui
2361 2208 2427 2229 non
2454 2199 2578 2231 iuravit.

1515 2242 1557 2273 Et
1579 2242 1656 2273 haec
1679 2241 1760 2272 dicta
1784 2248 1858 2272 sunt
1881 2249 1916 2273 ut
1940 2241 2062 2272 facilius
2085 2242 2200 2273 similia
2223 2243 2441 2274 decernantur.

1569 2286 1645 2316 Non
1668 2285 1709 2316 sis
1733 2293 1839 2317 tamen
1858 2286 1900 2316 ita
1916 2286 2002 2317 rudis
2018 2293 2054 2317 ut
2072 2286 2115 2317 sic
2131 2286 2265 2327 accipias
2281 2286 2496 2318 iuramentum
2512 2296 2581 2318 esse

1515 2330 1674 2361 actionem
1696 2330 1895 2370 personalem
1915 2331 2004 2371 quod
2020 2331 2110 2362 nullo
2126 2337 2223 2371 pacto
2244 2331 2345 2371 possit
2364 2331 2501 2363 exhiberi
2523 2341 2580 2372 per

1515 2374 1627 2405 alium:
1652 2374 1806 2415 quoniam
1822 2381 1944 2405 constat
1968 2375 2056 2416 quod
2073 2375 2256 2406 contrahere
2276 2375 2517 2407 matrimonium
2533 2382 2580 2408 est

1515 2428 1581 2449 non
1605 2419 1711 2449 minus
1738 2419 1819 2450 actio
1848 2419 2041 2459 personalis,
2067 2426 2097 2450 et
2126 2426 2233 2450 tamen
2262 2426 2368 2459 potest
2397 2430 2453 2460 per
2479 2420 2579 2451 alium

1515 2463 1657 2493 contrahi
1685 2473 1741 2502 per
1763 2463 1857 2493 verba
1881 2464 1920 2494 de
1943 2464 2107 2503 praesenti.
2139 2463 2200 2494 Sed
2223 2463 2361 2503 intellige
2383 2464 2474 2505 quod
2496 2465 2580 2496 sicut

1514 2507 1547 2537 in
1570 2507 1720 2546 coniugio
1746 2507 1961 2538 contrahendo
1992 2507 2064 2538 facit
2094 2507 2166 2548 quis
2189 2507 2346 2538 actionem
2377 2508 2578 2548 personalem

1515 2551 1651 2587 alterius,
1676 2551 1820 2587 dicendo,
1845 2551 1928 2592 Ego,
1954 2553 2081 2582 nomine
2098 2552 2248 2589 Martini,
2267 2553 2387 2592 accipio
2410 2558 2441 2583 te
2456 2553 2487 2583 in
2503 2561 2577 2583 con·

1515 2597 1642 2635 iugem;
1666 2595 1708 2625 ita
1723 2595 1755 2625 in
1770 2595 1948 2626 iuramento
1971 2602 2076 2635 potest
2098 2595 2215 2626 dicere:
2239 2595 2324 2636 Ego,
2343 2598 2470 2627 nomine
2483 2597 2576 2627 Mar-

1515 2640 1584 2676 tini,
1606 2640 1677 2669 iuro
1700 2641 1746 2670 sic
1761 2639 1880 2680 fuisse,
1898 2640 1948 2669 vel
1971 2649 2048 2676 esse,
2069 2640 2118 2670 vel
2133 2639 2222 2680 sore.
2247 2639 2288 2670 Et
2312 2647 2388 2671 tunc
2411 2640 2464 2671 ille
2488 2641 2578 2672 solus

1515 2683 1604 2713 cuius
1629 2683 1759 2713 nomine
1781 2683 1910 2719 iuratur,
1935 2690 2059 2714 tenetur
2081 2694 2118 2714 ex
2133 2683 2163 2714 vi
2186 2683 2373 2715 iuramenti:
2398 2684 2453 2725 qui
2469 2691 2578 2716 autem

1514 2734 1560 2758 eet
1584 2727 1725 2758 minister
1747 2737 1803 2758 seu
1826 2734 2013 2767 procurator
2034 2728 2073 2758 ad
2096 2728 2140 2758 sic
2162 2727 2343 2765 iurandum,
2368 2729 2401 2759 in
2417 2729 2508 2760 nullo
2531 2736 2578 2760 te-

1516 2778 1623 2807 netur,
1648 2772 1673 2802 si
1700 2772 1784 2802 bona
1813 2771 1875 2802 fide
1898 2772 2012 2803 iuravit
2040 2779 2076 2803 ut
2105 2772 2163 2803 sibi
2192 2773 2401 2804 commissum
2425 2780 2488 2810 est,
2512 2773 2576 2804 sive

1515 2816 1679 2846 assertorie
1702 2815 1766 2846 sive
1790 2816 2008 2855 promissorie;
2025 2817 2120 2848 sicut
2147 2817 2186 2847 de
2210 2825 2412 2856 procuratore
2436 2818 2476 2848 ad
2499 2827 2577 2848 con—

1515 2860 1705 2890 trahendum
1728 2860 1969 2891 matrimonium
1992 2868 2086 2901 patet.

1198 2994 1515 3038 ARTICULUS
1550 2995 1780 3038 TERTIUS

917 3086 1071 3117 UTRUM
1095 3086 1217 3118 OMNE
1241 3088 1477 3119 PERIURIUM
1501 3088 1567 3119 SIT
1590 3089 1827 3120 PECCATUM
1850 3090 2061 3121 MORTALE

1220 3167 1251 3191 111
1271 3167 1353 3196 Sent„
1374 3168 1431 3192 dist.
1450 3176 1532 3199 xxnx,
1551 3173 1597 3194 art.
1619 3167 1642 3198 5,
1661 3168 1712 3201 qu⁸
1735 3177 1756 3194 1.
1789 3198 1793 3202 q

611 3258 634 3283 n
649 3257 808 3283 τεκτιυΜ
823 3257 876 3283 stc
891 3257 1120 3283 Pnocunrrua
1133 3246 1164 3283 ²⁸.
1181 3247 1339 3284 Videtur
1353 3248 1455 3296 quod

612 3311 692 3336 non
711 3311 827 3336 omne
845 3299 1053 3348 periurium
1074 3299 1119 3335 sit
1137 3307 1336 3347 peccatum
1357 3312 1457 3336 mor·

438 3387 442 3396 Δ
464 3388 467 3393 ,
520 3380 540 3392 ,
689 3380 698 3389 .
740 3351 886 3389 Dicitur
924 3352 1026 3388 enim
1064 3353 1199 3399 Extra,
1237 3353 1283 3389 de
1313 3353 1458 3389 Iureiu-

457 3377 555 3433 κεῖθ’)
572 3395 603 3438 *x
612 3405 732 3443 rando
745 3404 786 3442 *z
816 3406 862 3443 In
882 3417 928 3442 ea
948 3405 1162 3454 quaestione
1180 3417 1277 3453 quae
1287 3406 1457 3453 ponitur,

398 3459 459 3495 An
488 3470 512 3495 a
545 3459 774 3496 sacramenti
805 3458 954 3496 vinculo
990 3458 1233 3495 absolvantur
1269 3459 1335 3507 qui
1369 3459 1460 3496 illud

399 3511 504 3549 inviti
523 3523 597 3559 pro
626 3512 702 3549 vita
730 3517 767 3548 et
792 3513 902 3549 rebus
927 3511 1121 3549 servandis
1137 3512 1336 3559 fecerunt:
1370 3512 1460 3549 nihil

453 3626 479 3658 α)
499 3634 550 3652 non
570 3633 640 3652 ea.—
658 3634 689 3652 ea
708 3635 760 3652 non
781 3627 877 3652 PGHa.

1511 3248 1616 3284 aliud
1640 3249 1873 3285 arbitramur
1903 3260 2017 3297 quam
2045 3249 2147 3297 quod
2172 3255 2424 3287 antecessores
2457 3250 2578 3288 nostri

1510 3301 1679 3337 Romani
1703 3302 1899 3349 Pontifices
1926 3302 2100 3339 arbitrati
2112 3303 2244 3350 fuisse
2271 3308 2486 3349 noscuntur,
2510 3296 2577 3352 qui

1511 3353 1602 3390 tales
1629 3366 1653 3390 a
1681 3354 1884 3391 iuramenti
1919 3355 2076 3391 nexibus
2113 3355 2364 3393 absolverunt.
2398 3356 2572 3393 Ceterum

1513 3412 1553 3442 ut
1578 3412 1719 3456 agatur·
1745 3407 1965 3453 consultius,
1995 3413 2032 3444 et
2056 3409 2256 3457 auferatur
2281 3408 2441 3445 materia
2477 3409 2573 3445 deie-

1512 3460 1633 3505 randi,
1663 3471 1737 3496 non
1766 3460 1818 3496 eis
1846 3460 1896 3497 ita
1924 3472 2099 3509 expresse
2126 3461 2273 3498 dicatur
2301 3467 2340 3498 ut
2362 3461 2573 3499 iuramenta

1513 3524 1587 3549 non
1614 3518 1778 3550 servent:
1804 3514 1870 3550 sed
1894 3513 1929 3549 si
1954 3525 2028 3550 non
2057 3526 2102 3551 ea
2123 3519 2140 3535 ‘²
2167 3513 2399 3560 attenderint,
2429 3526 2503 3551 non
2523 3515 2572 3551 ob
