2860 4244
839 235 1104 282 QUAESTIO
1135 237 1380 285 LXXXVIII,
1409 238 1703 276 ARTICULUS
1735 239 1803 275 ΧΗ

240 313 416 346 elusionem
438 313 644 353 inferendam.
668 313 769 353 Super
784 323 820 343 ea
842 323 980 354 namque
995 313 1145 345 fundatur
1167 325 1293 355 proces·
1318 319 1320 350 ς

241 366 295 389 sus
317 355 452 388 litterae:
477 363 507 388 et
525 363 629 388 tantae
645 363 690 388 est
713 357 905 391 auctoritatis
920 364 956 388 ut
970 349 1079 397 repelli
1102 368 1167 388 non
1183 359 1292 409 possit.

255 397 257 401 ⁴
290 399 346 431 Ad
369 396 431 431 hoc
453 396 585 432 breviter
607 400 720 431 dicitur
741 400 839 441 quod,
853 401 926 431 licet
943 401 1156 442 multipliciter
1179 403 1294 453 exponi

240 436 391 480 videatur,
407 443 461 474 illa
483 446 589 481 tamen
613 444 766 484 expositio
789 443 927 475 litteralis
946 446 1009 475 0·51
1012 453 1092 485 quae
1116 455 1152 476 ex
1175 447 1294 477 ratione
1320 447 1322 452 '

241 489 274 519 in
283 488 399 519 'littera
415 488 540 518 reddita
562 488 705 519 habetur.
728 488 815 518 Cum
838 495 943 518 autem
966 488 998 519 in
1029 495 1113 519 textu
1137 489 1192 520 illo
1216 490 1294 520 ratio

241 531 549 572 indispensabilimis
570 531 604 563 in
624 532 943 562 voto-continentiae
972 533 1120 563 monachi
1150 534 1297 564 reddatur

242 577 318 617 quia
339 584 471 606 annexa
501 580 548 606 est
577 575 720 614 wssodia
750 576 905 607 castitatis
931 576 1067 616 regulae
1098 578 1296 616 monachali,

243 621 324 651 clare
346 627 553 668 consequens
574 624 621 649 est
651 619 740 658 quod
763 619 802 649 de
829 618 954 650 licentia
981 629 1036 650 seu
1065 620 1297 660 dispensatione

243 661 405 704 separante
427 661 604 693 custodiam
619 661 765 692 castitatis
789 672 806 692 a
829 662 937 702 regula
951 663 1130 694 monachali
1145 665 1296 706 loquitur.

244 707 290 738 Ita
311 704 400 747 quod
422 704 501 735 nihil
523 700 610 735 aliud
633 715 670 735 ex
692 705 853 742 decretalis
868 706 951 737 illius
974 707 1036 737 hoc
1058 715 1144 739 textu
1167 708 1301 739 habetur
1324 721 1326 736 ι

243 750 303 781 nisi
325 749 429 790 quod
428 748 580 779 custodia
601 748 749 780 castitatis
773 756 819 780 est
838 750 916 780 adeo
933 760 1052 781 annexa
1075 751 1168 782 statui
1192 761 1301 782 mona-

244 793 325 825 chali
347 792 437 834 quod
459 802 517 823 nec
539 792 692 824 Summus
707 793 852 824 Pontifex
874 800 980 834 potest
997 794 1084 825 illam
1107 805 1126 825 a
1140 795 1195 826 tali
1218 801 1300 826 statu

0 850 4 873 s
245 846 398 877 separare.
422 836 527 873 Quod
542 837 642 877 gratis
658 837 848 868 conceditur.
879 837 965 868 Cum
988 838 1050 870 hoc
1081 848 1219 879 namque
1242 845 1303 869 stat
1326 831 1329 864 l

245 881 335 922 quod
357 880 510 911 Summus
524 880 670 915 Pontifex
692 887 797 922 potest
819 887 850 912 et
864 887 982 912 statum
996 891 1052 912 seu
1075 883 1217 932 regulam
1232 891 1302 917 mo-

245 924 419 961 menatem,
439 934 514 954 cum
537 924 686 955 omnibus
692 891 767 955 psibi
782 925 920 962 annexis,
940 935 1081 966 separare
1104 926 1142 956 ab
1165 926 1226 956 isto
1245 925 1302 955 ho-

246 964 331 1000 mine
354 968 410 1008 qui
433 975 480 998 est
509 968 696 1005 monachus.
725 968 931 1009 Exemplum:
962 969 1136 1009 proprietas
1165 969 1226 999 albi
1257 975 1304 999 est

247 1020 314 1044 esse
336 1012 591 1053 disgregativum
616 1013 737 1048 visus*,
761 1019 871 1053 estque
889 1013 969 1042 adeo
988 1022 1108 1043 annexa
1130 1012 1207 1044 haec
1229 1022 1302 1053 pro-

246 1056 363 1096 prietas
376 1056 458 1089 albo>
473 1062 510 1086 ut
527 1064 596 1087 *non
611 1056 773 1096 possitab
796 1066 836 1087 eo
851 1055 1000 1096 separari;
1025 1065 1100 1086 cum
1121 1056 1184 1087 hoc
1198 1063 1305 1087 tamen

247 1107 309 1133 stat
326 1100 420 1151 quod
440 1109 509 1131 0550
531 1100 656 1139 album,
680 1108 754 1137 eum
777 1100 926 1131 omnibus
956 1100 1199 1141 proprietatibus
1223 1101 1304 1137 suis,

248 1144 349 1187 possit
378 1143 515 1183 separari
544 1153 563 1173 a
591 1143 734 1189 subiecto
764 1144 854 1184 quod
876 1150 922 1174 est
951 1143 1069 1175 album.
1105 1144 1147 1174 Et
1168 1145 1231 1176 hoc
1260 1151 1306 1175 est

249 1182 338 1229 quod
353 1188 463 1218 dicunt
477 1186 625 1218 docentes
647 1180 736 1229 quod
757 1187 843 1228 Papa
861 1194 966 1227 potest
986 1187 1189 1228 dispensare
1181 1199 1213 1218 111
1229 1195 1306 1219 voto

249 1224 461 1263 continentiae
473 1230 622 1270 religiosi,
635 1230 782 1261 faciendo
793 1232 832 1262 de
845 1231 1006 1262 monacho
1019 1241 1100 1262 non·
1101 1232 1306 1264 monachum.

248 1275 338 1306 Hori
345 1273 481 1309 infertur
496 1274 601 1314 igitur
611 1279 657 1305 'ex
674 1275 728 1305 illa
751 1275 894 1306 decretali
917 1276 1092 1306 necessario
1114 1276 1308 1327 indispensa-

43 1318 46 1320 ’
87 1327 118 1343 ⁴¹
130 1323 222 1398 (ἐνθ’
241 1319 357 1350 ffitas
370 1318 509 1351 ‘omnino
530 1319 601 1351 voti-
621 1319 832 1351 continentiae
861 1319 1015 1360 religiosi,
1037 1321 1092 1350 sed
1115 1321 1168 1356 sic,
1191 1321 1310 1352 50111001

103 1382 107 1386 -
207 1358 351 1403 5&stante
373 1362 578 1401 monachatu.

307 1406 418 1441 Conso
535 1414 620 1457 oque
638 1406 689 1439 hic
704 1416 814 1437 sensus
829 1407 949 1438 auctori
964 1407 1058 1438 illius.
1080 1408 1244 1445 Quoniam
1259 1408 1311 1438 In—

65 1052 70 1063 ,
98 1039 160 1061 .111,.
174 1038 222 1065 1x

31 1120 37 1123 ἡ
55 1070 159 1115 tamiri.
173 1065 220 1117 ⁶51

6 986 61 1039 ἔα.
67 1013 163 1036 Ari-tot.
169 1012 220 1035 Me-

18 1455 19 1458 ’
38 1443 39 1446 ¹
100 1467 149 1491 „3
144 1468 221 1516 mgr,
233 1432 416 1482 -niie'eifuus
432 1450 484 1487 111,
497 1450 553 1492 0111
568 1450 642 1482 fecit
656 1450 744 1481 illam
759 1445 955 1487 decretalem,
968 1451 1116 1482 successit
1130 1451 1312 1483 immediate

184 2112 219 2131 ΟΟ,
335 2070 345 2077 '
368 2068 378 2075 ”
394 2088 406 2105 x
442 2072 679 2110 auctoritas.
718 2019 864 2131 Aliquis
892 2073 994 2109 enim
1022 2079 1148 2121 potest
1174 2073 1311 2110 intrare

247 2108 479 2189 feligionem
507 2124 650 2185 absque
679 2125 898 2162 auctoritate
927 2125 1081 2162 alicuius
1107 2125 1313 2175 superioris

284 2174 422 2221 ’001011-
459 2179 536 2217 Sed
563 2183 633 2228 per
659 2179 854 2216 introitum
882 2177 1070 2226 religionis
1103 2179 1314 2216 absolvitur

249 2177 376 2275 {imo
395 2243 420 2268 a
435 2231 536 2269 votis
553 2232 593 2268 in
611 2231 765 2268 saeculo
784 2230 901 2276 factis,
933 2231 1046 2268 etiam
1065 2243 1088 2268 a
1105 2239 1199 2269 voto
1219 2233 1314 2269 Ter-

42 2315 45 2317 .
39 2289 230 2339 “va-³⁶3³*-
255 2297 323 2322 rae
349 2285 511 2321 Sanctae
529 2284 561 2321 ⁸.
596 2285 700 2331 Ergo
716 2283 798 2320 voti
818 2283 1066 2320 commutatio
1085 2285 1147 2320 vel
1164 2285 1314 2344 dispen-

28 2368 34 2373 .
85 2341 196 2370 W·
249 2337 350 2382 ffltio
386 2344 512 2386 potest
548 2349 631 2374 esse
668 2337 812 2386 absque
849 2336 1068 2374 auctoritate
1111 2337 1314 2386 superioris

302 2389 424 2427 aelati.

250 2390 347 2495 pra
362 2442 597 2488 Pamisum,
612 2441 848 2491 dispensatio
863 2442 943 2479 voti
962 2441 1001 2479 in
1019 2442 1095 2479 hoc
1110 2443 1314 2480 consistere

251 2478 407 2540 mezur
421 2495 527 2543 quod
547 2493 844 2537 determinatur
836 2507 874 2531 in
889 2506 966 2543 quo
982 2507 1073 2531 casu
1086 2503 1222 2532 votum
1237 2508 1315 2532 non

246 2548 305 2585 eit
325 2549 622 2586 observandum.
654 2547 732 2584 Sed
751 2546 781 2583 si
800 2548 989 2595 praelatus
1017 2548 1116 2583 male
1141 2548 1315 2585 determi-

254 2601 332 2648 net,
360 2612 439 2638 non
465 2601 617 2638 videtur
644 2611 727 2637 esse
753 2611 903 2636 vovens
932 2600 1127 2636 absolutus
1155 2613 1178 2637 a
1204 2609 1313 2638 voto:

254 2653 346 2707 quia
381 2653 506 2691 nullus
543 2654 731 2703 praelatus
767 2660 893 2702 potest
929 2652 1147 2702 dispensare
1185 2662 1315 2691 contra

251 2708 504 2759 praeceptum
537 2706 708 2744 divinum
746 2705 793 2742 de
822 2706 1017 2764 implendo
1046 2713 1159 2752 voto,
1193 2714 1234 2744 ut
1262 2707 1315 2744 di-

139 2766 230 2794 -ἀπε
248 2767 360 2801 ,011101
388 2767 444 2796 051
460 2759 492 2796 *.
523 2758 700 2796 Similiter
718 2758 832 2795 etiam
860 2758 892 2795 si
911 2757 1043 2807 aliquis
1070 2759 1223 2807 propria
1251 2771 1316 2796 au-

248 2813 426 2849 ctoritate
444 2819 546 2849 recte
565 2811 822 2848 determinet
813 2823 852 2847 111
875 2823 954 2860 0110
975 2823 1063 2847 00511
1081 2818 1217 2848 votum
1237 2824 1315 2848 non

257 2865 308 2902 sit
339 2864 596 2913 implendum,
631 2875 710 2900 non
744 2863 895 2900 videtur
920 2870 1014 2900 voto
1051 2863 1189 2900 teneri:
1228 2864 1316 2912 quia

258 2924 394 2955 votum
422 2929 501 2954 non
521 2917 659 2965 obligat
677 2916 717 2966 in
737 2928 828 2953 casu
846 2915 885 2952 in
905 2928 982 2964 quo
1009 2916 1124 2952 habet
1145 2916 1315 2965 peiorem

259 2977 452 3016 eventum,
480 2970 522 3006 ut
541 2969 683 3006 dictum
713 2975 768 3006 est
784 2967 815 3006 ²¹⁶.
854 2969 955 3016 Ergo
985 2968 1213 3018 dispensatio
1236 2970 1316 3006 voti

259 3035 339 3060 non
370 3022 520 3070 requirit
548 3021 809 3059 auctoritatem
837 3021 994 3058 alicuius
1020 3021 1187 3069 praelati.

315 3076 350 3112 3.
371 3076 605 3122 ΡκΑΕτΕιι-ΕΑ,
625 3074 656 3111 51
676 3074 892 3123 dispensare
920 3074 958 3111 in
975 3081 1068 3111 voto
1089 3074 1249 3122 pertinet
1268 3075 1316 3111 ad

120 3140 138 3158 α
259 3134 485 3178 potestatem
513 3127 783 3176 praelatorum,
803 3127 883 3176 pari
913 3127 1058 3164 ratione
1081 3127 1285 3175 pertineret
1299 3132 1317 3148 ‘²

261 3181 311 3219 ad
338 3193 484 3218 omnes.
525 3180 601 3218 Sed
629 3191 708 3217 non
734 3179 894 3229 pertinet
921 3180 971 3217 ad
1004 3191 1139 3217 omnes
1168 3180 1317 3229 dispen—

253 3246 344 3283 sare
371 3234 411 3271 in
430 3232 600 3282 quolibet
624 3240 730 3270 voto.
759 3233 862 3280 Ergo
889 3245 968 3270 non
995 3232 1155 3282 pertinet
1173 3233 1222 3271 ad
1250 3246 1318 3282 po-

260 3293 434 3325 testatem
460 3286 716 3334 praelatorum
744 3285 974 3334 dispensatio
1001 3286 1093 3322 voti.

303 3340 390 3376 San
409 3350 567 3385 CONTRA,
597 3338 692 3375 sicut
707 3339 778 3374 lex
796 3338 935 3386 obligat
954 3338 1003 3375 ad
1022 3338 1162 3387 aliquid
1180 3338 1318 3375 facien-

40 2972 46 2986 *
63 3004 74 3007 ,Ο
109 2983 131 3006 a,
144 2978 174 3000 ad
187 2983 208 2999 α.

315 3451 343 3486 a)
355 3451 546 3485 pertineret·
559 3451 678 3484 pertinet
695 3451 788 3482 PGLa.

316 3487 341 3520 β)
356 3490 471 3529 propter
488 3494 536 3513 vos
554 3487 690 3512 donavi.-
707 3486 778 3519 quod
797 3486 897 3511 donavi·
907 3490 1022 3519 propter
1035 3494 1082 3512 vos
1094 3487 1193 3512 donavi
1211 3487 1229 3517 1
1247 3487 1318 3520 quod

262 3523 361 3549 donavi
378 3523 402 3548 si
418 3523 485 3555 quid
503 3523 602 3548 donavi
616 3525 730 3554 propter
747 3528 794 3547 vos
808 3521 836 3546 P.

2332 240 2405 287 267

1347 315 1526 347 Caelestino
1543 316 1594 352 III,
1611 316 1666 357 qui
1684 316 1915 356 dispensaverint
1934 315 2153 348 Constantiam
2169 316 2359 356 praedictam
2374 317 2408 347 *:
2438 320 2496 342 'Cf-
2512 327 2574 342 num·
2592 327 2607 341 1-

1347 370 1404 390 nec
1420 370 1495 390 eum
1510 360 1647 391 latebant
1668 367 1754 400 gesta
1778 360 1854 391 haec
1873 360 2062 401 nuperrime,
2086 360 2118 390 in
2142 359 2221 391 facie
2239 360 2338 391 totius
2362 370 2411 391 or-

1347 403 1404 440 bis,
1429 404 1468 434 ab
1493 413 1531 434 eo
1555 403 1611 445 qui
1634 403 1707 434 fecit
1733 405 1840 444 ipsum
1864 404 2070 440 cardinalem,
2094 410 2124 434 et
2148 403 2289 444 undique
2312 404 2412 434 admi-

1347 447 1443 477 randa
1466 454 1596 487 propter
1618 454 1752 478 aetatem
1783 447 2087 488 quinquagenariam
2117 454 2147 478 et
2170 455 2288 479 statum
2310 448 2413 488 impe-

1347 490 1473 526 rialem;
1499 497 1528 520 et
1551 497 1639 521 tanto
1663 491 1752 531 plus,
1778 498 1898 532 quanto
1923 491 2164 522 matrimonium
2186 491 2266 522 illud
2290 491 2412 522 Romae

1349 540 1608 564 consummatum
1629 534 1700 565 fuit.
1730 535 1805 565 Non
1829 542 1876 566 est
1898 535 1983 566 enim
1998 535 2183 566 rationabile
2207 542 2242 566 ut
2265 535 2310 566 510
2333 535 2413 566 facta

1348 587 1367 607 a
1388 577 1626 617 praedecessore
1651 579 1798 609 damnare
1821 589 1877 618 per
1901 579 1977 610 haec
1999 580 2109 615 verba,
2132 579 2214 610 hanc
2237 579 2412 610 damnatio-

1349 631 1423 652 nem
1447 631 1512 651 non
1536 621 1750 661 significantia,
1766 622 1911 653 voluerit.

1404 664 1452 694 Ex
1475 664 1590 704 quibus
1618 665 1766 696 omnibus
1797 666 1902 706 colligi
1932 673 2035 706 potest
2058 666 2146 707 quod
2176 666 2264 697 nulla
2287 673 2416 707 apparet

1351 707 1429 738 ratio
1453 717 1550 748 quare
1572 715 1685 739 votum
1709 709 1852 740 solemne
1875 709 2034 750 religionis
2053 720 2119 740 non
2143 710 2182 740 sit
2206 710 2415 751 dispensabile

1352 761 1408 791 per
1431 751 1604 782 Ecclesiam
1627 752 1660 782 in
1683 753 1815 783 articulo
1839 753 2029 784 necessitatis
2053 753 2244 784 communis.
2362 793 2365 794 Ο

1407 794 1460 825 VI.
1478 795 1514 824 ln
1537 796 1744 835 responsione
1768 798 1808 827 ad
1832 797 1960 828 tertium
1990 797 2132 828 eiusdem
2162 797 2322 828 undecimi
2346 798 2416 828 arti-

1355 838 1427 874 culi,
1444 839 1570 869 adverte
1592 840 1682 880 quod
1704 841 1784 871 inter
1801 841 2020 871 abstinentiam
2044 848 2074 871 et
2098 841 2325 873 continentiam
2341 842 2417 872 haec

1355 889 1401 914 est
1423 881 1605 919 differentia,
1621 884 1710 924 quod
1726 884 1912 915 abstinentia
1934 885 1967 914 in
1982 885 2159 925 periculum
2182 895 2335 925 personae
2352 895 2417 916 non

1355 932 1401 956 est
1420 932 1508 956 actus
1527 926 1668 957 virtutis:
1693 934 1723 957 et
1744 935 1919 968 propterea,
1940 928 1965 958 si
1985 935 2031 958 est
2046 928 2184 959 notabile
2203 936 2233 959 et
2251 929 2415 960 manifeste

1328 965 1417 1000 tale
1441 970 1628 1009 periculum,
1649 971 1719 1010 ipso
1743 971 1811 1002 iure
1833 979 1946 1002 votum
1970 981 2036 1002 non
2059 972 2152 1011 ligat,
2178 980 2307 1013 propter
2333 973 2418 1003 defe-

1358 1020 1445 1044 ctum
1474 1014 1637 1050 materiae,
1662 1015 1816 1065 quoniam
1847 1016 2036 1046 rationabile
2059 1016 2150 1046 debet
2173 1026 2239 1046 0550
2262 1017 2418 1047 abstinen-

1357 1057 1418 1088 tiae
1441 1058 1624 1098 obsequium
1647 1058 1682 1094 *3
1707 1059 1732 1088 si
1756 1066 1863 1089 autem
1893 1065 1939 1089 est
1962 1059 2064 1095 aliter,
2089 1059 2335 1110 dispensandum
2366 1068 2420 1091 aut
2449 1065 2506 1086 'Ad
2520 1065 2584 1086 Rom
2606 1071 2655 1093 cap.

1359 1102 1625 1132 commutandum
1649 1101 1716 1132 erit.
1740 1102 1944 1134 Continentia
1971 1112 2045 1133 vero
2070 1103 2164 1133 etiam
2188 1104 2219 1133 in
2244 1104 2420 1143 periculum
2447 1098 2515 1117 ¹¹¹⁷
2518 1097 2561 1112 ‘⁸'
2577 1097 2592 1112 ¹¹

1359 1155 1512 1196 personae
1536 1152 1582 1176 est
1604 1153 1692 1176 actus
1714 1146 1854 1177 virtutis:
1879 1153 1909 1177 et
1931 1153 2097 1186 propterea
2112 1154 2224 1177 votum
2247 1155 2422 1188 perseverat

1360 1189 1392 1220 in
1417 1199 1476 1219 suo
1505 1190 1628 1220 robore.
1663 1189 1705 1220 Et
1734 1190 1812 1221 ratio
1841 1190 1936 1220 huius
1967 1190 2156 1220 differentiae
2184 1190 2360 1230 assignatur
2389 1192 2421 1222 in

1359 1233 1477 1264 littera:
1509 1233 1584 1274 quia
1612 1230 1792 1272 comedere,
1818 1234 1977 1274 privatum
2001 1234 2205 1271 abstinentia,
2234 1235 2347 1265 directe
2372 1246 2423 1265 or-

1362 1277 1487 1308 dinatur
1515 1278 1554 1308 ad
1578 1278 1713 1308 salutem
1735 1287 1907 1318 personae;
1931 1278 2013 1308 coire
2037 1285 2152 1314 autem,
2170 1278 2327 1318 privatum
2347 1289 2423 1309 con-

1361 1321 1504 1360 tinentia,
1525 1321 1639 1352 directe
1664 1321 1827 1352 ordinatur
1850 1323 1888 1352 ad
1913 1322 2066 1362 speciem,
2091 1331 2157 1352 non
2180 1322 2220 1352 ad
2243 1332 2421 1362 personam.

1364 1365 1462 1405 Quod
1486 1365 1511 1395 si
1528 1375 1584 1405 per
1599 1366 1742 1396 accidens
1757 1373 1865 1406 vergat
1887 1365 1918 1396 in
1935 1366 2111 1406 periculum
2134 1376 2297 1406 personae,
2319 1367 2423 1407 provi-

1336 1438 1338 1443 ,
1363 1409 1473 1440 deatur
1492 1409 1588 1440 etiam
1613 1420 1669 1450 per
1683 1410 1840 1440 accidens:
1865 1409 1982 1441 scilicet
1997 1420 2052 1450 per
2075 1410 2295 1441 abstinentiam
2314 1421 2422 1451 super-

1336 1481 1339 1492 ,
1363 1452 1460 1483 fluam
1477 1453 1641 1484 materiam
1655 1453 1820 1484 individuo
1845 1454 2088 1489 subtrahentem,
2106 1461 2136 1484 et
2159 1454 2218 1484 alia
2240 1454 2422 1485 accidentia.

977 1622 1292 1664 ARTICULUS
1322 1623 1704 1664 DUODECIMUS

542 1712 696 1744 UTRUM
720 1712 778 1742 AD
809 1711 1200 1744 COMMUTATIONEM
1224 1713 1307 1744 VEL
1330 1710 1705 1744 DISPENSATIONEM
1728 1713 1833 1744 VOTI
1857 1713 2141 1750 REQUIRATUR

525 1776 527 1779 .
1082 1757 1295 1788 PRAELATI
1318 1757 1600 1789 AUCTORITAS

846 1835 936 1867 Supra.
955 1840 1002 1859 art.
1023 1842 1045 1866 2,
1066 1835 1097 1860 ad
1117 1834 1145 1867 33
1164 1835 1198 1860 1v
1218 1835 1300 1866 80111υ
1320 1836 1379 1861 dist.
1396 1843 1498 1866 xxxvm,
1518 1844 1562 1868 qu.
1586 1844 1606 1865 1,
1626 1841 1672 1861 111-1.
1689 1842 1715 1868 4,
1734 1835 1784 1868 qu²
1803 1843 1830 1867 4.

1368 1916 1474 1962 dum,
1493 1915 1544 1951 ita
1564 1922 1601 1951 et
1614 1922 1763 1951 votum.
1785 1914 1861 1952 Sed
1882 1913 1931 1950 ad
1951 1914 2249 1973 dispensandum
2268 1915 2307 1952 in
2320 1927 2428 1963 prae-

1367 1976 1477 2016 cepto
1506 1967 1597 2015 legis
1623 1966 1821 2016 requiritur
1840 1966 2044 2026 superioris
2073 1967 2286 2007 auctoritas
2306 1976 2427 2004 111511-

1366 2033 1435 2070 pra
1453 2020 1473 2042 *
1501 2020 1645 2057 dictum
1684 2027 1750 2056 est.
1788 2021 1911 2068 Ergo,
1941 2020 2022 2068 pari
2050 2020 2216 2068 ratione,
2247 2020 2360 2057 etiam
2389 2020 2427 2057 in
2455 2036 2595 2063 1212211,.qu
2602 2041 2663 2062 xm,

1368 2073 1651 2130 dispensatione
1678 2072 1770 2110 voti.
2454 2067 2496 2110 Ξῖἷ.
2507 2063 2533 2115 {3
2547 2069 2584 2090 ‘¹¹¹
2596 2066 2663 2088 'mm'

1409 2127 1646 2163 RESPONDEO
1665 2115 1848 2162 menmium
1869 2125 1985 2174 quod,
2007 2125 2102 2163 sicut
2118 2137 2231 2174 supra
2246 2125 2267 2147 ’Β
2287 2125 2464 2162 dictum
2456 2143 2556 2163 mm.
2544 2148 2564 2162 2.

1369 2186 1435 2226 est,
1451 2186 1586 2216 votum
1606 2185 1662 2215 est
1678 2178 1881 2227 promissio
1897 2179 1981 2214 Deo
1997 2177 2093 2214 facta
2113 2178 2160 2215 de
2179 2177 2306 2226 aliquo
2322 2179 2427 2226 quod

1340 2273 1342 2279 ¹
1367 2232 1414 2269 sit
1441 2233 1525 2269 Deo
1547 2238 1758 2279 acceptum.
1789 2231 1892 2277 Quid
1920 2231 1965 2267 sit
1984 2238 2112 2267 autem
2138 2231 2176 2267 in
2196 2230 2322 2279 aliqua
2340 2243 2427 2279 pro-

1368 2284 1550 2321 missione
1588 2291 1786 2332 acceptum
1825 2283 1858 2320 ei
1888 2283 1947 2320 cui
1978 2283 2227 2331 promittitur,
2266 2295 2312 2320 ex
2349 2283 2428 2320 eius

1367 2338 1510 2386 pendet
1529 2337 1695 2386 arbitrio.
1723 2337 1916 2373 Praelatus
1936 2343 2064 2373 autem
2090 2336 2128 2372 in
2147 2336 2318 2373 Ecclesia
2336 2336 2428 2383 gerit

1366 2390 1493 2427 vicem
1511 2389 1595 2426 Dei.
1616 2390 1666 2426 Et
1678 2389 1765 2426 ideo
1785 2389 1823 2426 in
1843 2389 2140 2426 commutatione
2153 2390 2216 2425 vel
2237 2389 2429 2438 dispensa—

1367 2443 1470 2479 tione
1488 2450 1668 2479 votorum
1696 2441 1895 2490 requiritur
1921 2442 2076 2490 praelati
2097 2441 2309 2488 auctoritas,
2330 2454 2427 2490 quae

1369 2496 1407 2532 in
1426 2507 1591 2543 persona
1605 2494 1678 2531 Dei
1694 2494 1919 2531 determinat
1938 2494 2027 2543 quid
2045 2494 2091 2530 sit
2106 2495 2190 2531 Deo
2211 2502 2426 2543 acceptum:

1370 2548 1581 2585 secundum
1611 2547 1702 2584 illud
1723 2549 1755 2584 11
1784 2547 1836 2584 ad
1857 2548 1988 2584 Cor..11
2007 2546 2047 2583 *ε
2075 2547 2182 2583 Nam
2201 2553 2238 2583 et
2253 2559 2324 2596 ego
2338 2559 2428 2594 pro·
2455 2565 2465 2574 ·
2480 2564 2544 2585 vers.
2561 2570 2594 2585 ιο.

1365 2607 1450 2649 pter
1467 2612 1533 2637 vos
1552 2601 1692 2637 donavi
1709 2598 1724 2629 β
1747 2601 1784 2636 in
1797 2612 1964 2648 persona
1988 2600 2134 2636 Christi.
2164 2601 2212 2636 Et
2239 2600 2429 2647 signanter
2553 2613 2566 2645 ,1

1371 2654 1471 2700 dicit,
1496 2658 1652 2701 propter
1677 2664 1765 2690 vos:
1797 2653 1886 2700 quia
1914 2652 2039 2689 omnis
2058 2652 2286 2701 dispensatio
2312 2652 2427 2700 petita

1370 2719 1393 2743 a
1428 2707 1595 2755 praelato
1633 2706 1746 2742 debet
1781 2705 1862 2742 fieri
1891 2706 1939 2742 ad
1976 2706 2164 2742 honorem
2195 2705 2350 2750 Christi,
2389 2704 2427 2740 in

1371 2759 1476 2795 cuius
1513 2770 1678 2807 persona
1707 2758 1917 2806 dispensat3
1954 2758 2018 2794 vel
2053 2757 2100 2794 ad
2128 2757 2324 2793 utilitatem
2357 2757 2427 2793 Ec-

1371 2811 1518 2858 clesiae,
1548 2822 1646 2858 quae
1676 2818 1730 2846 est
1759 2811 1837 2847 eius
1866 2822 2015 2858 corpus.

1423 2865 1482 2900 AD
1499 2875 1635 2900 PR1MUM
1654 2874 1752 2899 ano
1771 2874 1955 2900 01011111)οΜ
1974 2863 2078 2911 quod
2098 2862 2228 2898 omnia
2247 2861 2318 2898 alia
2336 2869 2427 2898 vota

1371 2924 1457 2952 sunt
1485 2915 1727 2964 quorundam
1756 2915 2039 2964 particularium
2062 2926 2242 2964 operum:
2272 2914 2340 2950 sed
2359 2926 2428 2962 per

1370 2967 1590 3016 religionem
1627 2968 1746 3004 homo
1784 2975 1904 3005 totam
1930 2968 2049 3005 vitam
2077 2979 2185 3005 suam
2219 2966 2427 3003 Deiobse-

1371 3021 1461 3070 quio
1481 3022 1646 3069 deputat.
1676 3020 1904 3057 Particulare
1932 3028 2060 3058 autem
2088 3020 2126 3057 in
2151 3019 2382 3056 universali
2373 3031 2426 3056 ln—

1372 3073 1543 3111 cluditur.
1565 3075 1614 3110 Et
1631 3073 1719 3110 ideo
1736 3073 1931 3111 decretalis
1945 3073 1965 3095 ’¹‘
1985 3073 2072 3110 dicit
2089 3072 2193 3122 quod
2213 3084 2299 3109 reus
2305 3072 2463 3120 fracti
2454 3093 2529 3120 Cap
2537 3095 2575 3115 c„
2584 3099 2664 3120 marg,

1370 3127 1449 3164 voti
1473 3138 1547 3163 non
1567 3127 1725 3163 hahetur
1742 3127 1808 3175 qui
1824 3127 2028 3174 temporale
2045 3126 2260 3174 obsequium
2289 3125 2325 3161 in
2339 3136 2426 3172 per-

1366 3185 1520 3228 petuam
1557 3179 1750 3228 religionis
1786 3180 2059 3216 observantiam
2094 3183 2306 3215 commutat.
2344 3178 2426 3213 Nec

1370 3240 1500 3270 tamen
1526 3232 1566 3269 in
1584 3237 1600 3260 Υ
1629 3231 1848 3280 religionem
1875 3231 2087 3280 ingrediens
2107 3238 2252 3267 tenetur
2269 3229 2426 3278 implere
2549 3248 2565 3273 γ

1370 3293 1461 3322 vota
1487 3285 1550 3322 vel
1582 3284 1808 3321 ieiuniorum
1842 3285 1905 3321 vel
1934 3283 2148 3321 orationum
2175 3283 2237 3319 vel
2265 3282 2425 3319 aliorum

1370 3337 1601 3384 huiusmodi,
1632 3349 1728 3386 quae
1759 3337 1919 3374 existens
1947 3337 1985 3373 in
2015 3337 2165 3373 saeculo
2194 3335 2299 3372 fecit:
2338 3334 2426 3382 quia

1423 3452 1450 3485 γ)
1467 3453 1503 3477 fn.
1513 3466 1531 3471 -
1549 3452 1611 3477 om.
1631 3452 1734 3476 PGHK.
