2860 4244
890 247 1156 294 QUAESTIO
1186 248 1434 295 LXXXVIII,
1463 247 1759 285 ARTICULUS
1789 247 1838 284 111

44 329 135 358 ’Epi-t.
150 328 178 350 ⁸²¹
193 328 253 350 ¹²⁸⁰·
280 336 356 358 num
370 326 398 362 *,
415 335 614 368 consequens
637 333 684 357 est
706 326 805 366 quod,
821 326 1034 357 communiter
1055 326 1229 366 loquendo,
1246 336 1339 366 supe-

42 357 87 378 ,ω
97 355 254 381 enfin-eoem,
280 380 347 401 rare
371 380 406 400 ac
430 370 561 400 domare
590 370 862 410 concupiscentias
887 370 947 401 sub
971 376 1122 411 perpetua
1146 370 1339 400 continentia

43 382 73 404 de
88 382 171 403 Astron
188 382 205 402 t.
225 380 251 403 B.

43 387 255 435 ⁸·V··¹¹¹¹‘{⁰¹'P‘
281 413 460 454 angelicum
483 424 614 455 quoque
637 414 686 451 sit,
711 421 742 445 et
764 412 907 445 heroicae
925 413 1058 450 virtutis,
1082 423 1147 444 non
1171 414 1338 445 humanae.

43 434 139 457 Hieron.

281 460 327 488 Ac
358 468 413 499 per
436 458 512 495 hoc,
543 458 685 489 humana
714 457 836 488 ratione
866 458 1003 495 utendo,
1027 457 1175 498 sapientis
1203 458 1260 488 viri
1284 457 1339 498 qui
1367 458 1369 463 ’

282 511 348 532 non
371 508 476 542 potest
503 511 536 532 se
559 501 720 532 continere
744 511 810 532 esse
833 501 958 533 videtur
979 501 1026 533 uti
1048 500 1101 532 tali
1125 502 1281 532 remedio:
1311 508 1342 532 et

281 546 438 587 quidquid
470 546 649 576 detrimenti
679 545 808 575 actualis
838 546 968 576 rationis
997 546 1030 575 in
1061 545 1245 575 huiusmodi
1275 555 1341 575 ma-

282 590 434 621 trimonio
457 590 635 630 continget,
665 596 924 629 recompensatur
954 599 1019 620 non
1049 589 1158 621 solum
1187 599 1223 620 ex
1254 590 1341 621 bono

283 633 438 664 evasionis
461 640 510 664 tot
531 633 757 674 periculorum,
777 633 833 663 sed
857 633 951 664 etiam
975 644 1012 664 ex
1027 633 1132 675 quiete
1155 633 1259 664 multo
1275 643 1342 664 ma-

282 676 349 708 iore
378 677 565 718 passionum
599 676 888 716 concupiscentiae,
918 684 954 708 ut
984 677 1173 718 experientia
1202 683 1342 708 testatur.

282 721 323 751 Et
337 721 382 751 sic
397 720 514 761 opinor
528 727 642 751 votum
661 721 802 751 nubendi
817 720 937 752 factum
953 720 1083 762 propter
1102 720 1344 752 fornicationem

281 762 442 795 vitandam
457 765 497 794 ab
512 764 690 805 impotente
703 775 738 795 se
754 765 914 796 continere
930 773 1060 806 propter
1080 775 1171 796 suam
1195 764 1344 804 fragilita-

282 816 356 844 tem,
372 814 442 845 etc„
460 818 526 839 esse
548 808 707 839 validum:
731 809 806 849 quia
822 810 909 840 nulla
923 811 1017 850 culpa
1040 809 1225 840 huiusmodi
1240 808 1345 839 matri-

281 852 394 884 monio
409 852 625 884 esse-videtur.
649 854 715 884 Nec
730 860 897 894 propterea
913 864 1011 895 arguo
1025 856 1208 888 Auctorem,
1221 853 1276 893 qui
1292 852 1344 882 ab·-

282 896 386 928 solute
414 897 619 938 loquitur-de
642 897 836 930 matrimonii
860 908 922 929 usu
951 905 1081 939 propter
1103 895 1345 928 fornicationem

282 940 454 978 vitandam.
484 940 556 972 Hoc
576 948 683 978 tamen
705 942 738 972 in
760 943 832 974 loco
856 942 998 984 proprio,
1014 942 1084 973 Deo
1106 941 1209 976 dante,
1226 939 1346 970 dicetur

282 985 429 1021 resolute,
454 985 663 1017 examinando
686 985 880 1027 matrimonii
902 987 993 1027 bona·
1009 993 1044 1016 ut
1067 991 1114 1016 est
1134 983 1285 1020 officium,
1310 990 1346 1014 ut

283 1034 330 1060 est
352 1035 540 1066 contractus,
556 1036 592 1060 ut
614 1037 662 1060 est
683 1029 870 1066 remedium,
894 1037 930 1061 ut
958 1037 1005 1060 est
1027 1034 1258 1059 sacramentum
1273 1026 1299 1057 *.

333 1073 390 1103 Ad
412 1072 548 1104 rationes
565 1073 661 1113 igitur
674 1074 707 1104 in
731 1074 917 1114 oppositum
931 1074 959 1109 ¹⁸,
977 1083 1035 1113 pro
1058 1078 1179 1114 quanto
1203 1071 1342 1102 inferunt

283 1117 374 1157 quod
396 1123 510 1149 votum
527 1117 678 1153 ,nubendi=
695 1124 743 1154 est
757 1118 901 1150 absolute
917 1117 1066 1153 validum,
1087 1116 1346 1156 respondendum

45 1028 256 1108 ἑωᾝιεξῖιϊ

45 1139 56 1153 ·
92 1111 192 1160 ...3⁵32-

284 1248 336 1279 alii
366 1248 596 1280 iuramentum:
628 1259 701 1279 nam
725 1256 839 1280 votum
869 1249 930 1280 soli
952 1250 1022 1280 Deo
1051 1248 1100 1284 fit,
1131 1248 1346 1279 iuramentum

277 1298 391 1328 autem
405 1292 529 1325 homini
544 1300 729 1333 praestatur.
753 1296 801 1324 Ac
816 1303 872 1333 per
886 1293 958 1330 hoc,
974 1293 1055 1324 sicut
1069 1292 1148 1323 alios
1167 1299 1346 1323 contractus

285 1345 390 1367 rerum
413 1337 592 1368 iuramento
615 1337 696 1368 inter
717 1337 864 1368 homines
887 1337 1029 1368 firmatos
1052 1343 1176 1367 tenetur
1198 1336 1269 1377 quis
1285 1346 1346 1366 ser-

284 1389 366 1418 vare,
389 1381 433 1412 ita
457 1387 654 1413 contractum
677 1391 896 1422 personarum.
930 1382 1017 1412 Licet
1039 1381 1125 1412 enim
1146 1381 1217 1412 Deo
1240 1380 1349 1411 minus

257 1454 267 1456 ,
282 1431 371 1465 gnta
384 1425 611 1466 sirpromissio
635 1425 829 1456 matrimonii
849 1436 946 1466 quam
970 1424 1197 1465 perseverantia
1216 1424 1248 1454 in
1265 1431 1347 1454 statu

283 1469 513 1506 continentiae,
537 1469 662 1500 homini
683 1476 810 1507 tamen,
833 1470 884 1501 cui
907 1469 989 1500 facta
1018 1476 1064 1499 est
1087 1468 1257 1508 promissio
1280 1478 1346 1498 ma-

285 1513 442 1550 trimonii,
467 1514 567 1553 magis
595 1521 700 1553 grata,
725 1524 761 1544 ac
791 1523 847 1554 per
874 1513 936 1544 hoc
957 1513 1062 1544 debita
1092 1519 1139 1543 est
1169 1511 1347 1542 observatio

284 1557 435 1598 promissi
463 1567 563 1599 quam
585 1558 729 1589 recedere
751 1568 770 1588 a
791 1557 962 1598 promisso.
982 1573 1005 1581 -
1028 1556 1079 1587 Ad
1101 1556 1274 1587 secundam
1302 1555 1347 1585 di-

286 1601 367 1639 citur
389 1602 479 1643 quod
508 1608 621 1633 votum
651 1602 690 1632 de
712 1602 829 1632 minori
851 1602 940 1632 bono
970 1607 1076 1641 potest
1105 1599 1272 1640 dupliciter
1301 1599 1348 1630 in-

283 1645 397 1686 telligi:
428 1645 544 1677 scilieet
575 1646 608 1676 in
630 1655 762 1686 genere,
784 1645 836 1677 vel
857 1645 1014 1676 absolute.
1045 1644 1078 1675 Si
1100 1644 1134 1675 in
1156 1654 1270 1684 genere
1291 1644 1349 1674 bo-

286 1699 410 1729 norum
425 1689 722 1730 supererogationis,
747 1690 791 1720 sic
812 1698 924 1721 verum
947 1696 995 1720 est
1017 1689 1106 1729 quod
1129 1688 1272 1719 validum
1290 1694 1348 1724 est,

286 1740 325 1773 qt-
337 1733 517 1773 obiiciendo
533 1734 699 1774 probatur:
723 1741 829 1774 potest
849 1733 935 1764 enim
951 1733 1009 1764 sub
1025 1741 1107 1765 voto
1119 1733 1228 1764 cadere
1246 1732 1349 1773 quod-

23 1791 108 1818 '0¹qu
124 1791 181 1821 '5¹⁸'st
192 1792 226 1811 ν’.
243 1794 247 1797 *
282 1792 297 1818 ᾗ,

62 1821 140 1839 ,ουκ
157 1823 178 1838 ru
196 1824 245 1839 ‚nrt

296 2158 297 2162 ,
325 2134 381 2175 ”,,.-;“
405 2139 477 2181 χᾌ(
499 2133 522 2158 1)
541 2132 702 2159 'reanum
720 2132 773 2158 sic
801 2131 1042 2158 Paocamrun.
1070 2119 1227 2157 Videtur
1247 2119 1351 2167 quod

283 2212 301 2214 ff
332 2172 358 2201 ‘⁹‘
383 2198 404 2219 ⁴.-
422 2172 476 2218 3²53>
499 2185 580 2211 non
607 2185 725 2212 omne
740 2181 877 2211 votum
905 2172 1046 2220 obliget
1073 2172 1122 2210 ad
1142 2172 1199 2208 sui
1220 2172 1351 2209 obser-

297 2215 426 2279 ·Ass}
438 2210 469 2265 ’ὃ
484 2223 706 2264 vationem.
728 2227 859 2263 Homo
877 2226 979 2262 enim
999 2225 1120 2273 magis
1134 2224 1275 2272 indiget
1291 2224 1350 2260 his

299 2282 321 2301 '¹'
346 2272 442 2306 *υἷ’
458 2270 600 2329 quae
626 2291 697 2329 per
724 2279 841 2316 alium
875 2278 1074 2316 hominem
1109 2278 1205 2315 fiunt
1233 2289 1350 2326 quam

288 2330 414 2379 Deus,
444 2330 509 2380 qui
537 2330 723 2370 bonorum
751 2337 966 2369 nostrorum
995 2343 1069 2368 non
1097 2336 1183 2381 eget
1197 2330 1229 2366 *.
1274 2330 1350 2367 Sed

283 2379 491 2434 ‘promissio
530 2381 690 2433 simplex
718 2384 864 2422 homini
893 2384 990 2421 facta
1018 2396 1096 2421 non
1134 2383 1274 2430 obligat
1302 2383 1349 2420 ad

145 2447 164 2464 ⁸
284 2439 522 2476 servandum
543 2443 572 2484 α,
601 2438 813 2475 secundum
847 2436 1119 2474 institutionem
1158 2435 1249 2484 legis
1282 2436 1351 2472 hu-

22 2507 23 2510 *
50 2497 263 2548 ffluff'a‘
287 2502 428 2528 manae
445 2490 485 2527 *z
519 2491 625 2539 quod
655 2490 808 2527 videtur
840 2502 923 2527 esse
954 2490 1163 2526 institutum
1197 2495 1352 2537 propter

178 2540 188 2552 '
212 2539 220 2547 ⁶
289 2542 577 2582 mutabilitatem
613 2544 805 2580 humanae
838 2542 1055 2580 voluntatis.
1098 2542 1200 2589 Ergo
1230 2542 1350 2578 multo

289 2595 416 2634 minus
444 2594 604 2645 simplex
627 2596 831 2646 promissio
860 2597 945 2633 Deo
968 2596 1076 2642 facta,
1098 2606 1195 2644 quae
1217 2593 1352 2631 dicitur

289 2656 437 2696 votum,
458 2649 597 2697 obligat
623 2649 673 2687 ad
701 2650 997 2686 observandum.

345 2713 381 2739 2.
396 2702 630 2753 PQETEREA,
659 2702 783 2741 nullus
811 2701 1000 2749 obligatur
1027 2700 1076 2738 ad
1103 2699 1349 2748 impossibile.

292 2754 370 2791 Sed
397 2755 630 2803 quandoque
658 2754 748 2791 illud
777 2754 880 2803 quod
909 2754 992 2803 quis
1015 2753 1124 2790 vovit
1150 2753 1194 2789 fit
1222 2752 1255 2788 ei
1284 2753 1351 2788 im-

290 2806 489 2856 possibile:
526 2808 590 2844 vel
618 2807 706 2856 quia
735 2807 924 2857 dependet
952 2818 998 2843 ex
1025 2805 1150 2842 alieno
1183 2804 1350 2852 arbitrio,

292 2860 386 2898 sicut
405 2872 494 2896 cum
513 2860 598 2908 quis
611 2866 730 2896 vovet
749 2858 904 2907 aliquod
923 2857 1197 2896 monasterium
1214 2857 1350 2894 intrare

293 2913 399 2951 cuius
427 2912 607 2950 monachi
635 2924 722 2960 eum
743 2913 878 2949 nolunt
895 2911 1082 2960 recipere;
1111 2911 1169 2947 vel
1197 2917 1353 2959 propter

293 2973 550 3013 emergentem
586 2965 797 3011 defectum,
827 2964 923 3002 sicut
954 2963 1091 3002 mulier
1118 2975 1217 3012 quae
1245 2962 1354 3000 vovit

291 3018 545 3067 virginitatem
583 3030 736 3055 servare
764 3024 802 3054 et
827 3024 961 3066 postea
989 3015 1262 3064 corrumpitur,
1290 3015 1352 3052 vel

291 3071 351 3109 vir
385 3071 449 3120 qui
484 3078 604 3108 vovet
635 3070 838 3120 pecuniam
868 3070 958 3107 dare
987 3076 1023 3106 et
1049 3076 1183 3117 postea
1219 3067 1354 3105 amittit

292 3123 508 3174 pecuniam.
546 3123 650 3172 Ergo
678 3135 756 3160 non
785 3135 938 3172 semper
965 3129 1101 3159 votum
1130 3118 1352 3169 est”obliga-

293 3177 444 3215 torium.

286 3266 290 3270 .
349 3231 383 3268 3.
414 3231 655 3276 Pam-zm,
693 3229 784 3267 illud
821 3229 869 3266 ad
898 3227 1004 3266 cuius
1037 3226 1265 3264 solutionem
1299 3233 1354 3263 est

294 3282 427 3331 aliquis
447 3282 645 3330 obligatus,
665 3281 790 3319 statim
818 3282 968 3318 solvere
996 3286 1154 3317 tenetur.
1185 3278 1263 3316 Sed
1289 3279 1354 3315 ali-

294 3336 378 3384 quis
397 3347 476 3372 non
504 3334 628 3371 statim
650 3335 799 3372 solvere
826 3341 974 3371 tenetur
992 3332 1084 3369 illud
1103 3331 1207 3380 quod
1226 3331 1351 3368 vovit:

49 2331 108 2354 ⁵1³⁸.
119 2337 261 2359 unet-ea.

295 3388 496 3437 praecipue
516 3398 604 3424 cum
623 3385 694 3423 sub
716 3386 932 3424 conditione
951 3386 1076 3423 futura
1093 3392 1224 3422 vovet.
1250 3384 1352 3432 Ergo

293 3449 429 3478 votum
458 3452 536 3478 non
565 3452 717 3488 semper
746 3447 800 3476 est
827 3438 1107 3486 obligatorium.

290 3559 293 3562 ⁴
332 3564 333 3567 ¹
349 3555 376 3588 α)
395 3555 564 3580 armenam.
577 3568 598 3575 -
615 3553 806 3579 observandum
826 3550 940 3577 PDGHI.

2377 247 2451 293 243

1392 326 1468 357 libet
1491 325 1777 366 supererogationis
1799 326 1940 362 bonum,
1965 331 2264 366 quantumcumque
2289 334 2390 354 unum
2414 324 2454 355 sit

1393 371 1500 401 minus
1523 370 1597 401 alio.
1628 370 1661 401 Si
1684 370 1846 406 absolute,
1870 369 1914 400 sic
1936 379 2004 399 non
2027 376 2073 400 est
2095 379 2207 399 verum
2230 368 2453 404 universaliter,

1394 421 1430 445 ut
1452 421 1537 455 patet
1560 424 1596 444 ex
1619 414 1718 445 dictis.

1445 458 1529 489 XIII.
1549 458 1584 488 In
1607 457 1814 498 responsione
1838 458 1877 488 ad
1900 457 2094 493 secundum,
2118 463 2193 487 nota
2216 456 2306 497 quod
2334 458 2456 486 Auctor

1395 511 1460 532 non
1485 501 1569 537 dicit,
1597 502 1761 539 Quaedam
1777 507 1853 532 sunt
1875 511 1957 542 quae
1973 506 2111 541 possunt
2132 501 2247 531 bonum
2270 501 2320 531 vel
2334 501 2454 530 malum

1395 550 1540 576 eventum
1557 546 1692 576 habere:
1715 546 1769 576 sed
1789 545 1875 582 dicit,
1903 545 2069 582 Quaedam
2086 545 2167 575 bona
2187 546 2220 575 in
2236 554 2271 575 se
2285 550 2359 575 sunt
2373 554 2456 585 quae

1391 594 1528 629 possunt
1551 589 1666 620 bonum
1692 591 1742 620 vel
1768 590 1888 620 malum
1913 595 2057 620 eventum
2081 589 2207 620 habere.
2237 589 2322 620 Nota
2349 595 2455 619 autem

1396 633 1467 663 hoc.
1497 632 1582 670 Quia
1604 640 1730 673 oportet
1753 640 1876 670 votum,
1901 633 1926 664 si
1943 641 2055 664 votum
2078 641 2134 669 est,
2158 633 2272 663 habere
2295 632 2455 673 propriam

1398 676 1570 712 materiam,
1595 677 1711 708 scilicet
1733 678 1869 708 bonum:
1895 677 1975 708 sicut
1997 684 2110 708 votum
2134 677 2252 717 Iephte.
2277 676 2367 708 cuius
2388 686 2456 707 ma-

1397 720 1474 750 teria
1503 720 1631 760 propria
1661 720 1720 751 fuit
1749 721 1915 751 immolare
1944 721 2029 758 Deo;
2061 721 2114 751 sed
2147 721 2222 762 quia
2253 721 2383 751 materia
2411 730 2456 751 re-

1398 770 1486 794 mota
1508 764 1584 800 voti,
1609 774 1690 804 quae
1707 771 1772 795 erat
1793 765 1923 795 materia
1946 764 2098 802 sacrificii,
2123 765 2240 796 scilicet
2263 764 2379 795 animal
2397 764 2456 794 im-

1398 808 1598 844 molandum,
1623 815 1687 838 erat
1710 808 1836 845 incerta,
1861 809 1966 849 potuit
1989 809 2102 839 habere
2125 810 2248 839 bonum
2266 809 2316 839 vel
2336 808 2457 839 malum

1372 872 1374 884 >
1399 858 1566 888 eventum,
1597 859 1632 883 ut
1655 852 1773 882 habuit.
1807 853 2030 893 Praesuppone
2062 853 2158 893 igitur
2181 863 2305 893 semper
2331 853 2364 883 in
2391 853 2457 883 voti

285 1168 341 1192 est.
375 1161 418 1192 Et
432 1162 480 1202 ad
502 1162 639 1205 primam
662 1161 774 1193 dicitur
797 1162 887 1202 quod
913 1161 986 1192 licet
1008 1170 1075 1191 non
1098 1160 1205 1191 minus
1228 1159 1346 1200 obliget
1373 1163 1374 1167 ’

283 1211 397 1236 votum
427 1207 524 1245 quam
554 1205 788 1241 iuramentum,
812 1212 918 1236 tamen
950 1205 1003 1236 alii
1033 1204 1151 1244 obligat
1173 1210 1286 1234 votum
1316 1210 1353 1234 et·

1398 895 1529 926 materia
1556 895 1746 932 bonitatem,
1771 903 1800 927 et
1824 897 1936 926 deinde
1966 904 2101 927 scrutare
2125 904 2272 927 eventus:
2304 897 2458 938 quoniam

1399 939 1453 970 ubi
1470 940 1590 970 deesset
1613 940 1747 976 bonitas,
1764 947 1876 970 votum
1900 950 1965 969 non
1983 948 2071 971 esset.
2095 941 2136 971 Et
2156 948 2322 981 propterea
2339 941 2459 971 dictum

1399 983 1478 1014 est*
1500 985 1589 1024 quod
1618 993 1675 1013 nec
1697 983 1813 1019 illicita,
1838 994 1896 1014 nec
1919 985 2067 1024 opposita
2091 984 2307 1021 consiliorum,
2332 995 2389 1015 nec
2412 985 2459 1014 in-

1400 1027 1571 1058 differentia
1599 1034 1736 1067 possunt
1765 1037 1831 1058 esse
1861 1027 1990 1058 materia
2013 1028 2094 1058 voti:
2127 1028 2204 1058 nihil
2234 1029 2317 1059 enim
2343 1029 2458 1059 horum

1400 1077 1446 1102 est
1466 1072 1601 1102 bonurn.

1458 1115 1541 1147 XIV.
1566 1116 1602 1146 In
1625 1115 1831 1155 responsione
1855 1116 1894 1146 ad
1917 1115 2045 1146 tertium
2067 1116 2101 1146 in
2124 1116 2236 1146 eodem
2259 1117 2390 1147 articulo
2414 1127 2459 1147 se·

1401 1160 1523 1198 cundo„
1531 1167 1606 1190 nota
1619 1159 1694 1190 duo.
1713 1159 1830 1196 Primo,
1843 1160 1933 1201 quod
1945 1159 2046 1190 littera
2061 1169 2126 1190 non
2142 1160 2216 1190 dicit
2228 1161 2315 1201 quod
2329 1162 2458 1201 quando

1400 1204 1577 1234 observatio
1601 1204 1667 1234 voti
1700 1211 1746 1234 est
1774 1203 1939 1234 manifeste
1970 1204 2082 1234 nociva
2111 1204 2297 1240 notabiliter,
2322 1205 2459 1244 requira-

1400 1255 1452 1278 tur
1463 1258 1606 1278 recursus
1622 1248 1662 1277 ad
1679 1247 1886 1288 superiorem,
1900 1247 1994 1278 etiam
2010 1248 2042 1278 in
2059 1254 2211 1288 promptu
2228 1248 2385 1278 habiturn:
2406 1249 2459 1278 sed

1401 1292 1475 1323 dicit
1498 1292 1587 1332 quod
1616 1293 1846 1332 congruentius
1877 1292 1957 1323 talia
1981 1297 2053 1322 vota
2081 1292 2254 1323 secundum
2284 1294 2460 1332 superioris

1400 1337 1569 1366 arbitrium
1599 1343 1656 1367 etc.
1692 1336 1732 1366 Et
1754 1336 1833 1366 ratio
1857 1343 1903 1366 est
1926 1336 2000 1376 quia
2031 1336 2144 1367 desinit
2175 1336 2207 1366 in
2231 1336 2284 1367 tali
2317 1347 2390 1367 casu
2413 1347 2461 1367 res

1400 1380 1566 1421 promissa,
1591 1380 1707 1411 scilicet
1729 1380 1894 1416 abstinere,
1912 1390 1978 1410 esse
2001 1390 2059 1420 pro
2083 1386 2158 1410 tunc
2184 1380 2312 1411 materia
2327 1381 2404 1417 voti,
2425 1391 2461 1411 ex

1374 1458 1375 1470 ἵ
1401 1434 1467 1465 quo
1491 1434 1557 1454 non
1580 1430 1626 1454 est
1657 1434 1716 1463 pro
1739 1431 1815 1454 tunc
1838 1432 1926 1455 actus
1949 1424 2071 1454 virtutis
2102 1424 2173 1455 talis
2200 1425 2368 1455 maceratio
2392 1435 2461 1455 cor-

1401 1468 1503 1508 poris,
1528 1474 1564 1498 ut
1586 1468 1619 1497 in
1642 1468 1743 1498 littera
1764 1468 1871 1498 habes.

1457 1512 1615 1548 Secundo,
1632 1511 1722 1552 quod
1745 1517 1817 1542 vota
1840 1512 1879 1542 de
1902 1513 1994 1542 vanis
2018 1518 2047 1543 et
2070 1513 2246 1550 inutilibus,
2266 1513 2371 1553 qualia
2387 1519 2461 1543 sunt

1400 1555 1625 1591 indifferentia,
1649 1560 1725 1586 sunt
1746 1555 1932 1592 deridenda,
1957 1566 2019 1586 non
2042 1557 2213 1587 servanda.
2249 1557 2290 1587 Et
2318 1557 2398 1587 ratio
2415 1564 2462 1587 est

1403 1599 1479 1640 quia
1508 1609 1574 1630 non
1598 1599 1723 1639 placent
1750 1599 1819 1630 Deo
1850 1609 1931 1630 vana
1954 1607 2008 1630 aut
2036 1600 2175 1636 inutilia,
2201 1600 2251 1630 cui
2284 1601 2351 1631 sola
2378 1602 2461 1631 bona

1403 1643 1539 1684 placent.
1563 1643 1785 1674 Universaliter
1801 1643 1921 1684 quippe
1939 1654 2050 1674 verum
2074 1651 2120 1674 est
2138 1645 2226 1684 quod
2250 1651 2376 1684 oportet
2397 1655 2462 1675 ma-

1402 1687 1514 1719 teriam
1537 1687 1603 1718 voti
1627 1688 1744 1718 bonam
1770 1697 1836 1718 esse
1866 1688 2039 1718 moraliter:
2071 1688 2230 1728 quamvis,
2255 1695 2290 1719 ut
2319 1695 2404 1728 patet
2426 1699 2462 1719 ex

1403 1731 1494 1762 dictis
1509 1731 1535 1768 *‚
1559 1731 1622 1762 hoc
1645 1741 1710 1762 non
1734 1731 1867 1762 sufficiat
1890 1732 1930 1762 ad
1953 1732 2019 1762 voti
2041 1732 2214 1762 materiam.

1088 1867 1406 1910 ARTICULUS
1435 1866 1664 1908 TERTIUS

745 1961 902 1993 UTRUM
925 1960 1049 1992 OMNE
1073 1960 1231 1992 VOTUM
1253 1959 1443 1991 OBLIGET
1466 1959 1525 1990 AD
1549 1958 1615 1990 sm
1640 1958 2008 1989 OBSERVAT10NEM

537 2040 610 2070 [nfra.
629 2048 674 2074 qu.
693 2047 807 2070 cmxxxix.
827 2044 872 2065 art.
894 2038 923 2070 33
943 2039 977 2064 lv
996 2038 1078 2068 Sext„
1099 2038 1158 2065 dist.
1176 2045 1277 2066 xxxvur.
1297 2045 1341 2070 qu.
1360 2045 1378 2068 1,
1398 2042 1446 2062 art.
1467 2036 1490 2066 3.
1510 2035 1560 2069 qu*
1583 2043 1611 2067 ις
1631 2036 1680 2070 qu*
1702 2035 1725 2066 3.
1744 2037 1776 2061 ad
1799 2044 1826 2067 13
1847 2036 1943 2067 Quodl.
1963 2036 2001 2066 111.
2021 2044 2065 2069 qu.
2084 2045 2108 2067 v,
2128 2042 2174 2062 art.
2195 2045 2218 2062 2.

1459 2117 1533 2154 SED
1554 2129 1700 2154 CONTRA
1722 2128 1788 2154 EST
1807 2117 1912 2165 quod
1934 2117 2067 2154 dicitur
2083 2118 2205 2154 Eccle.
2226 2130 2249 2154 v
2263 2117 2300 2155 *ε
2340 2118 2463 2160 Quod-

1404 2182 1564 2218 cumque
1590 2170 1748 2215 voveris,
1778 2170 1901 2207 redde.
1929 2170 2128 2218 Multoque
2154 2170 2284 2207 melius
2312 2177 2366 2208 est
2389 2183 2462 2208 non

1403 2234 1542 2260 vovere
1568 2234 1683 2271 quam
1704 2228 1791 2271 post
1816 2229 1944 2260 votum
1966 2224 2156 2271 promissa
2184 2235 2258 2260 non
2295 2224 2460 2260 reddere.

1458 2277 1684 2312 REsponm-:o
1703 2287 1887 2313 mel-:unum
1907 2276 2012 2324 quod
2032 2276 2079 2313 ad
2098 2276 2318 2313 fidelitatem
2342 2277 2464 2313 homi-

1404 2328 1462 2365 nis
1499 2329 1661 2378 pertinet
1693 2335 1734 2365 ut
1761 2329 1884 2365 solvat
1919 2329 1956 2365 id
1985 2329 2090 2377 quod
2127 2329 2320 2377 promisit:
2363 2330 2463 2366 unde

1405 2370 1617 2419 secundum
1659 2381 1914 2429 Augustinum
1943 2381 1974 2428 ²¹⁸,
2006 2381 2108 2430 fides
2143 2382 2278 2419 dicitur
2313 2394 2363 2418 ex
2395 2383 2465 2419 hoc

1404 2435 1506 2483 quod
1529 2436 1634 2482 fiunt
1669 2434 1779 2471 dicta.
1823 2434 1990 2471 Maxime
2032 2442 2159 2471 autem
2195 2435 2308 2472 debet
2343 2436 2463 2472 homo

1405 2489 1491 2524 Deo
1511 2487 1748 2524 fidelitatem:
1778 2494 1859 2523 tum
1880 2487 2025 2523 ratione
2044 2487 2220 2533 dominii;
2248 2495 2330 2524 tum
2351 2488 2464 2525 etiam

1405 2540 1551 2577 ratione
1580 2539 1755 2576 beneficii
1785 2539 1959 2588 suscepti.
1989 2540 2038 2576 Et
2065 2539 2152 2576 ideo
2182 2540 2347 2577 maxime
2373 2541 2465 2577 obli-

1406 2599 1513 2641 gatur
1531 2594 1651 2629 homo
1672 2593 1720 2629 ad
1748 2593 1823 2629 hoc
1842 2592 1946 2640 quod
1967 2592 2123 2641 impleat
2139 2601 2230 2629 vota
2247 2594 2331 2630 Deo
2352 2594 2464 2630 facta:

1404 2647 1480 2683 hoc
1500 2646 1602 2682 enim
1621 2646 1783 2694 pertinet
1811 2645 1860 2682 ad
1879 2645 2100 2682 fidelitatem
2120 2658 2236 2694 quam
2262 2647 2382 2683 homo
2403 2647 2466 2683 de-

1407 2699 1471 2736 bet
1499 2700 1605 2746 Deo,
1644 2698 1775 2735 fractio
1804 2706 1931 2735 autem
1957 2698 2038 2735 voti
2076 2706 2132 2735 est
2158 2698 2349 2747 quaedam
2381 2699 2465 2737 infi-

1407 2751 1564 2788 delitatis
1597 2751 1754 2799 species.
1792 2751 1903 2788 Unde
1933 2751 2116 2787 Salomon
2154 2751 2336 2788 rationem
2375 2752 2464 2788 assi-

1406 2812 1496 2852 gnat
1514 2816 1632 2851 quare
1662 2803 1735 2840 sint
1753 2811 1844 2840 vota
1864 2803 2069 2850 reddenda,
2091 2804 2179 2852 quia
2202 2804 2367 2852 displicet
2381 2805 2464 2841 Deo

1406 2856 1562 2904 infidelis
1583 2856 1784 2904 promissio
1809 2856 1838 2891 ²⁸¹.

1459 2911 1518 2946 An
1538 2920 1675 2946 PRIMUM
1699 2920 1798 2946 ERGO
1818 2920 2001 2945 DJCENDUM
2024 2909 2128 2957 quod
2156 2909 2367 2946 secundum
2395 2910 2463 2946 ho-

1406 2969 1591 2999 nestatem
1625 2973 1670 2997 ex
1699 2961 1866 3009 qualibet
1891 2961 2145 3010 promissione
2174 2962 2293 2999 homo
2319 2963 2465 3000 homini

1407 3014 1614 3062 obligatur:
1659 3020 1694 3050 et
1727 3014 1822 3050 haec
1851 3021 1907 3050 est
1944 3014 2121 3062 obligatio
2155 3014 2245 3051 iuris
2273 3015 2463 3052 naturalis.

1408 3067 1483 3104 Sed
1504 3067 1552 3103 ad
1579 3067 1653 3103 hoc
1673 3067 1778 3115 quod
1801 3066 1933 3115 aliquis
1958 3067 2144 3115 obligetur
2163 3079 2208 3103 ex
2228 3067 2352 3116 aliqua
2378 3080 2464 3116 pro-

1407 3119 1587 3156 missione
1616 3118 1844 3167 obligatione
1871 3118 1991 3166 civili,
2020 3120 2209 3169 quaedam
2244 3119 2314 3157 alia
2341 3121 2464 3169 requi-

1407 3180 1540 3210 runtur
1552 3172 1583 3208 ²¹⁶.
1604 3173 1710 3209 Deus
1729 3179 1857 3209 autem
1878 3172 1947 3209 etsi
1966 3173 2077 3209 bonis
2096 3172 2231 3209 nostris
2251 3185 2330 3209 non
2345 3181 2463 3221 egeat,

1408 3225 1442 3262 ei
1459 3233 1589 3262 tamen
1618 3225 1783 3262 maxime
1807 3225 2032 3273 obligamur.
2062 3226 2110 3262 Et
2136 3225 2185 3262 ita
2203 3233 2338 3262 votum
2359 3226 2393 3262 ei
2413 3226 2466 3263 fa-

1406 3286 1511 3315 cturn
1541 3285 1597 3314 est
1623 3277 1788 3314 maxime
1817 3277 2094 3326 obligatorium.

1461 3333 1520 3368 An
1543 3339 1733 3368 SECUNDUM
1756 3342 1939 3367 DICENDUM
1965 3330 2069 3379 quod
2093 3329 2123 3366 si
2143 3329 2233 3367 illud
2253 3330 2357 3379 quod
2381 3331 2465 3380 quis

1406 3383 1517 3420 vovit
1534 3395 1580 3420 ex
1598 3395 1840 3432 quacumque
1855 3381 1871 3412 β
1890 3395 2003 3420 causa
2021 3382 2253 3431 impossibile
2273 3383 2463 3430 reddatur,

1409 3435 1522 3474 debet
1539 3437 1658 3473 homo
1687 3436 1810 3472 facere
1830 3436 1935 3483 quod
1959 3435 1997 3472 in
2017 3448 2057 3472 se
2078 3443 2150 3472 est:
2180 3443 2220 3472 ut
2238 3436 2371 3473 saltem
2399 3437 2465 3474 ha-

1463 3556 1488 3583 ρ)
1507 3557 1710 3582 quacumque.—
1727 3549 1783 3574 alia
1801 3549 1897 3573 addunt
1915 3547 1962 3574 Pa.
1973 3561 1993 3568 -
2010 3549 2060 3573 Pro
2078 3549 2164 3578 homo,
2183 3548 2233 3573 hoc
2251 3549 2280 3574 P.

2487 998 2496 1008 ⁸
2503 996 2574 1018 Num.
2581 1002 2597 1022 r,
2605 1002 2636 1023 iv,
2645 1002 2669 1017 x.

2489 1736 2500 1747 ⁴
2514 1735 2583 1757 Num.
2598 1741 2640 1756 xrr.

2490 2131 2501 2141 ⁸
2516 2130 2582 2152 Vers.
2596 2137 2616 2159 3,
2631 2137 2654 2157 4.

2493 2389 2577 2417 ‘Episn
2586 2389 2700 2416 LXXXII,

2492 2416 2702 2490 ἓῗᾶἂέἓέεὲὲί

2492 2863 2502 2873 ⁸
2511 2863 2566 2884 Loc.
2577 2863 2614 2884 cit.
2623 2863 2645 2884 in
2654 2869 2701 2891 arg.

2491 2889 2540 2910 Sed
2544 2891 2635 2916 contra,
2640 2896 2700 2911 vers.

2492 2921 2512 2943 3.

2493 3183 2544 3232 ἑίίξὶ.
2560 3184 2611 3212 Dig.
2618 3201 2623 3210 ,
2636 3185 2702 3207 titulo
