2860 4244
935 226 1201 272 QUAESTIO
1230 226 1424 273 LXXXV,
1452 225 1750 263 ARTICULUS
1779 225 1828 262 111
2393 237 2467 274 217

296 305 365 342 Dii
389 305 484 341 estis.
518 304 654 352 Angeli
682 304 795 342 etiam
812 305 892 353 filii
917 305 992 342 Dei
1017 304 1281 351 nominantur,
1310 308 1382 341 ut
1408 317 1456 341 eo
1476 304 1626 341 animae
1652 311 1803 341 nostrae
1833 303 2026 340 beatitudo
2048 302 2226 350 consistit,
2249 310 2291 339 ut
2321 303 2507 351 supra*

296 364 400 407 patet
420 358 489 394 Iob
510 357 695 405 1*.Erg0
720 357 899 395 omnibus
918 358 976 394 his
996 357 1109 394 debet
1127 334 1382 407 sacrificium5
1410 357 1550 394 dictum
1572 365 1637 394 est.
1667 358 1715 393 Et
1734 357 1822 393 ideo
1843 357 1938 394 sicut
1965 355 2034 393 soli
2057 357 2143 393 Deo
2173 367 2328 393 summo
2357 357 2470 393 debe·
2498 363 2540 407 gg
2551 350 2600 413 ¹⁸7
2611 366 2651 409 33²
2672 367 2710 387 ¹¹¹,

297 410 437 447 offerri.
1381 444 1383 479 5
1410 422 1496 447 mus
1516 410 1743 446 sacrificium
1763 409 1955 458 spirituale
1974 409 2124 456 offerre,
2145 408 2196 445 ita
2215 408 2329 445 etiam
2349 406 2418 445 soli
2437 409 2471 445 ei

298 487 303 489 Α
351 474 387 500 2.
408 464 641 509 Passa-Em,
668 470 812 511 quanto
841 444 976 510 aliquis
1005 462 1126 499 maior
1154 470 1219 509 est,
1249 470 1353 499 tanto
1381 454 1597 499 debemus
1617 462 1755 499 offerre
1780 463 1965 499 exteriora
1985 461 2190 499 sacrificia:
2221 461 2317 498 sicut
2344 461 2470 509 etiarn,

297 515 330 552 ei
350 516 473 552 maior
485 516 612 552 honor
627 515 740 552 debet
755 515 932 552 exhiberi.
954 514 1030 551 Sed
1050 515 1172 562 angeli
1187 523 1223 552 et
1237 515 1355 552 sancti
1410 520 1560 552 orantes
1579 520 1690 563 atque
1718 515 1923 561 laudantes,
1952 515 2004 552 ad
2025 526 2112 552 eum
2131 515 2331 564 dirigimus
2356 515 2472 564 signi·

298 576 385 606 sunt
410 569 531 605 multo
559 568 724 613 maiores
743 567 1048 616 quibuscumque
1076 569 1232 604 terrenis
1256 568 1357 617 prin·
1398 568 1563 615 ficantes
1589 579 1699 603 voces
1725 569 1788 604 cui
1814 579 1874 605 res
1902 569 2000 616 ipsas
2027 569 2064 604 in
2094 568 2208 604 corde
2235 579 2330 616 quas
2354 567 2472 617 signi-

298 620 466 670 cipibus:
496 620 634 668 quibus
662 627 792 657 tamen
816 630 949 657 eorum
978 620 1117 657 subditi
1137 622 1256 657 multo
1277 633 1356 657 ma·
1404 621 1580 667 ficamuS,
1601 620 1808 668 offerimus,
1828 629 1870 658 ut
1887 620 2121 669 Augustinus
2142 620 2241 668 dicit,
2262 622 2298 657 X
2321 621 2367 657 de
2390 620 2470 657 Civ.

297 674 419 710 iorem
445 674 636 710 honorem
665 672 908 721 impendunt,
945 685 986 709 se
1016 685 1145 710 coram
1182 674 1234 710 eis
1269 683 1384 722 pro·
1410 673 1484 710 Dei
1500 672 1531 708 ⁸¹⁶.
1560 692 1584 700 -
1614 673 1699 708 Hoc
1728 673 1843 710 etiam
1870 674 2048 711 videmus
2076 673 2114 710 in
2143 673 2249 711 omni
2278 673 2471 722 republica
2500 679 2511 690 ⁴

297 733 505 763 sternentes
535 732 571 761 et
596 737 756 762 munera
774 725 989 772 offerentes,
1010 737 1128 785 quam
1147 726 1194 763 sit
1213 726 1355 763 oblatio
1411 724 1620 771 observari,
1650 725 1755 772 quod
1784 738 1981 763 summum
2002 733 2188 763 rectorem
2213 726 2341 775 aliquo
2361 726 2469 774 signo

296 778 455 816 alicuius
485 778 657 815 animalis
683 779 746 815 vel
782 778 835 815 rei
863 778 1014 815 alterius
1048 779 1087 816 in
1114 774 1354 816 sacrificium.
1411 777 1586 825 singulari
1616 777 1816 825 honorant,
1848 779 1951 827 quod
1972 784 1988 800 α
2018 779 2245 827 cuicumque
2274 779 2379 816 alteri
2408 779 2471 816 de·
2598 782 2615 799 α

297 832 399 879 Ergo
420 831 539 867 multo
559 830 681 878 magis
700 831 840 879 angelis
870 839 907 868 et
925 831 1064 868 sanctis
1091 839 1216 880 potest
1243 831 1355 868 sacri-
1410 831 1582 876 ferretur,
1613 837 1711 866 esset
1740 831 1884 868 crimen
1912 832 2036 868 laesae
2060 831 2277 869 maiestatis.
2307 833 2356 868 Et
2384 831 2471 869 ideo

2522 306 2546 327 1³
2559 307 2605 328 11ne
2613 314 2673 336 qu.
2689 314 2709 335 1,

2498 337 2539 354 art.
2562 334 2588 359 8;
2613 340 2651 362 qu.
2675 341 2709 362 11,

28 389 32 398 κ
59 366 150 388 ⁸Vers.
164 365 188 387 6.

296 884 427 921 ficium
456 883 597 920 offerri.

1410 883 1449 919 in
1477 883 1559 930 lege
1581 881 1710 919 divina
1738 884 1910 920 statuitur
1938 896 2063 932 poena
2092 885 2224 922 mortis
2251 885 2308 921 his
2329 885 2393 933 qui
2418 884 2472 922 di-

352 937 387 973 3.
407 937 642 983 PRAETEREA,
662 938 805 985 templa
834 944 870 973 et
891 937 1020 973 altaria
1047 936 1289 973 instituuntur
1307 936 1356 973 ad
1410 935 1545 972 vinum
1574 935 1765 972 honorem
1793 937 1873 973 aliis
1903 937 2081 973 exhibent
2098 936 2129 973 ³¹³.
2499 935 2710 990 ζῇζΐξξζξζζῖζζ

297 989 481 1029 sacrificia
509 989 718 1027 offerenda.
762 989 841 1026 Sed
866 990 1009 1038 templa
1038 996 1074 1025 et
1101 988 1231 1025 altaria
1257 988 1357 1025 insti·
1466 989 1524 1024 An
1554 999 1691 1024 PRIMUM
1725 999 1823 1025 anco
1852 1000 2036 1026 memnon
2065 990 2169 1037 quod
2204 1001 2349 1026 nomen
2377 989 2472 1027 divi·
2501 994 2657 1017 V⁸‘⁵·³¹⁸<1‘³·

295 1049 453 1080 uruntur
480 1042 621 1102 angelis
650 1050 686 1079 et
713 1042 862 1079 sanctis.
899 1042 1001 1089 Ergo
1032 1041 1145 1078 etiarn
1174 1036 1385 1078 sacrificia¹
1412 1040 1536 1077 nitatis
1569 1041 1878 1078 communicatur
1899 1042 2094 1101 aliquibus
2127 1054 2205 1078 non
2236 1053 2305 1090 per
2333 1054 2471 1091 aequa-

295 1103 458 1145 possunt
486 1095 539 1132 eis
569 1095 725 1132 offerri.

1411 1094 1574 1140 litatem,
1605 1093 1672 1130 sed
1704 1106 1774 1142 per
1812 1094 2152 1143 participationem.
2198 1095 2247 1131 Et
2277 1095 2388 1131 ideo
2403 1107 2473 1132 nec

316 1173 317 1176 =
351 1149 426 1186 SED
446 1159 592 1186 CONTRA
610 1159 678 1184 ι’·’.ετ
696 1146 802 1195 quod
826 1146 961 1184 dicitur
977 1146 1101 1183 Exod.
1122 1158 1194 1183 xxii
1213 1146 1251 1183 *ε
1285 1146 1360 1188 Qui
1383 1165 1385 1204 5
1413 1146 1580 1195 aequalis
1608 1147 1734 1183 honor
1762 1147 1814 1184 eis
1844 1147 2013 1184 debetur.

297 1201 467 1274 tmolat
491 1201 573 1247 dit's,
601 1200 801 1245 occidetur,
825 1205 979 1248 praeter
1005 1199 1171 1236 Domino
1198 1199 1280 1236 soli

306 1254 575 1291 RESPONDEO
603 1264 788 1291 mOENDUM
808 1253 926 1302 quod,
955 1252 1051 1289 sicut
1079 1252 1221 1289 dictum
1253 1252 1345 1289 εει*

1464 1202 1525 1236 Ao
1552 1211 1744 1237 SECUNDUM
1772 1211 1956 1237 mcENDUM
1985 1200 2090 1248 quod
2123 1200 2162 1236 in
2194 1199 2386 1236 oblatione
2415 1212 2473 1236 sa-

1384 1266 1386 1307 5
1413 1252 1542 1289 crificn
1567 1265 1646 1289 non
1673 1261 1855 1301 pensatur
1881 1261 2047 1302 pretlum
2068 1264 2183 1289 ocelsl
2210 1264 2377 1301 pecoris:
2407 1253 2474 1290 Sed

295 1270 437 1345 oblatio
467 1305 639 1343 sacrificii
665 1306 710 1343 fit
731 1306 781 1343 ad
805 1305 946 1355 aliquid
967 1305 1270 1353 significandum.
1301 1305 1357 1342 Si-
1384 1310 1386 1342 l
1413 1305 1648 1365 significatio,
1669 1318 1746 1353 qua
1773 1307 1848 1343 hoc
1875 1307 1918 1343 fit
1946 1306 1985 1343 in
2011 1307 2200 1343 honorem
2231 1306 2373 1343 summi
2400 1307 2475 1342 Re-

294 1359 448 1408 gnificat
474 1366 617 1399 autem
629 1359 858 1396 sacrificium
877 1358 983 1408 quod
1003 1358 1160 1395 offertur
1182 1358 1356 1406 exterius,
1384 1356 1385 1401 ξ
1413 1359 1525 1395 ctoris
1564 1359 1676 1395 totius
1717 1359 1895 1396 universi.
1939 1359 2071 1407 Unde,
2106 1359 2201 1396 sicut
2241 1359 2474 1406 Augustinus

64 1448 92 1462 ,„
262 1411 663 1461 msspinmale
683 1412 923 1459 sacrificium,
945 1424 1022 1460 quo
1043 1411 1170 1448 anima
1191 1412 1385 1459 seipsam
1384 1406 1385 1409 ¹
1413 1411 1512 1458 dicit,
1542 1412 1577 1448 X
1595 1412 1642 1448 de
1666 1412 1744 1448 Ciu.
1765 1413 1840 1449 Dei
1859 1413 1891 1460 ³¹⁸,
1920 1413 2121 1449 daemones
2140 1423 2215 1449 non
2239 1413 2475 1449 cadaverinis

76 1471 268 1514 :·.3¹»'*²¹⁹
295 1464 407 1503 offert
425 1467 525 1512 Deo,
545 1465 758 1502 secundum
780 1465 871 1502 illud
899 1465 1040 1502 Psalm.
1059 1464 1092 1511 ²¹⁸,
1121 1465 1357 1511 Sacrificium
1383 1460 1386 1500 l
1413 1464 1616 1510 nidoribus,
1645 1465 1712 1500 sed
1737 1465 1871 1502 divinis
1882 1442 2102 1502 honoribus
2128 1465 2306 1514 gaudent.

78 1525 88 1544 ³
112 1520 268 1545 ‘mm
294 1519 379 1556 Deo
395 1519 548 1567 spiritus
570 1518 861 1555 contribulatus.-
889 1517 989 1566 quia,
1011 1493 1105 1553 sictit
1124 1529 1239 1565 supra
1259 1518 1278 1538 *²
1304 1517 1358 1554 di·
1383 1530 1386 1587 5
1465 1519 1525 1553 AD
1553 1527 1714 1554 TERTIUM
1742 1529 1927 1554 DlCENDUM
1961 1519 2086 1566 quod,
2116 1518 2212 1554 sicut
2238 1518 2474 1565 Augustinus

296 1577 399 1609 ctum
428 1579 496 1619 est,
526 1571 729 1608 exteriores
749 1578 855 1608 actus
879 1570 1068 1618 religionis
1093 1569 1142 1606 ad
1160 1569 1357 1606 interiores
1384 1588 1386 1653 5
1413 1569 1512 1616 dicit,
1542 1570 1629 1606 VIII
1659 1571 1706 1606 de
1727 1570 1806 1607 Civ.
1828 1570 1940 1607 Dei*
1942 1599 1950 1616 ,
1987 1584 2062 1608 non
2090 1571 2345 1608 constituimus
2372 1582 2474 1607 mar-

155 1629 175 1658 ?
295 1624 528 1662 ordinantur.
558 1624 696 1661 Anima
725 1631 854 1660 autem
877 1636 918 1660 se
938 1623 1051 1660 offert
1077 1624 1163 1659 Deo
1186 1623 1224 1659 in
1244 1622 1357 1659 sacri·
1413 1622 1559 1671 tyr-ibus
1586 1623 1740 1671 templa,
1768 1623 1978 1660 sacerdotia
1998 1623 2033 1660 βε
2076 1625 2255 1672 quoniam
2283 1635 2358 1660 non
2393 1624 2473 1671 ipsi,
2602 1626 2615 1658 β

293 1677 425 1716 fimum
462 1677 560 1714 sicut
595 1676 780 1726 principio
817 1688 908 1713 suae
947 1675 1147 1713 creationis
1184 1683 1222 1712 et
1264 1675 1386 1719 sicut
1384 1656 1478 1712 sed
1503 1676 1608 1712 Deus
1636 1688 1768 1712 eorum
1798 1677 1903 1713 nobis
1931 1682 1986 1712 est
2011 1678 2125 1713 Deus.
2170 1677 2276 1714 Unde
2301 1676 2475 1712 sacerdos

293 1729 362 1768 fini
381 1741 473 1767 suae
492 1730 791 1767 beatificationis.
823 1729 1044 1766 Secundum
1070 1736 1198 1766 autem
1225 1741 1358 1766 veram
1384 1723 1387 1784 ξ
1413 1740 1488 1765 non
1508 1729 1614 1765 dicit.-
1642 1729 1770 1778 Offero
1790 1730 1856 1765 tibi
1872 1730 2113 1777 sacrficium,
2129 1730 2248 1775 Petre‚
2269 1729 2328 1766 uel
2346 1729 2473 1765 Paule.

293 1782 414 1820 fidem
442 1783 545 1820 solus
573 1784 679 1820 Deus
708 1791 764 1820 est
793 1789 939 1819 creator
973 1782 1185 1819 animarum
1213 1789 1358 1819 nostra—
1384 1791 1425 1836 5
1413 1782 1487 1818 Sed
1512 1783 1595 1818 Deo
1624 1782 1670 1818 de
1698 1781 1847 1818 illorum
1875 1783 2039 1819 victoriis
2070 1783 2216 1832 gratias
2244 1783 2413 1832 agimus,
2443 1788 2478 1818 et

295 1835 420 1873 rum*
420 1865 430 1883 ,
449 1843 492 1873 ut
514 1836 553 1873 in
572 1836 704 1873 Primo
723 1835 764 1858 ³¹⁸*
790 1836 963 1872 habitum
984 1842 1050 1872 est.
1081 1837 1123 1872 In
1141 1836 1224 1871 solo
1245 1835 1358 1871 etiam
1385 1839 1387 1881 ᾖ
1414 1846 1482 1871 nos
1509 1835 1560 1871 ad
1587 1835 1830 1871 imitationem
1859 1847 1990 1872 eorum
2019 1836 2268 1872 adhortamur
2285 1840 2312 1871 Υ.
2603 1835 2619 1861 Τ

2503 1421 2583 1442 Loc.
2601 1423 2638 1444 cit.

2502 1578 2513 1589 ⁸
2528 1577 2586 1605 Cap.
2597 1584 2646 1599 xix.

349 1950 376 1981 α)
395 1949 475 1982 quod.
487 1963 507 1969 —
524 1949 548 1975 si
566 1950 636 1975 addit
653 1950 685 1974 D.

1412 1950 1468 1980 PL;
1489 1957 1541 1975 non
1559 1950 1747 1976 constituimus
1766 1950 1879 1980 omisso,
1899 1951 2065 1984 martyribus
2085 1951 2183 1982 templa
2202 1951 2239 1975 ad
2258 1950 2418 1983 sacrificium
2439 1950 2479 1975 in-

349 1983 374 2018 β)
393 1985 555 2010 sacerdotia.
567 1999 587 2004 —
609 1988 636 2010 et
653 1985 805 2010 sacerdotia
825 1985 843 2014 1.
868 1985 908 2009 vel
925 1985 1104 2010 sacerdotalia
1123 1985 1157 2015 D,
1177 1984 1356 2010 sacerdotalia

1412 1985 1562 2010 stituuntur
1581 1993 1633 2010 non
1653 1985 1715 2018 quia
1735 1985 1786 2017 ipsi
1803 1986 1851 2010 sed
1870 1985 1944 2010 Deus
1963 1991 2012 2010 etc.
2031 1986 2063 2010 G.

1466 2022 1492 2055 γ)
1511 2021 1698 2046 adhortamur.
1714 2035 1732 2039 -
1750 2021 1930 2046 exhortamur
1950 2021 2017 2051 PLa,
2038 2021 2220 2046 adhortantur
2239 2021 2270 2052 G,
2290 2021 2430 2046 hortamur
2445 2021 2477 2044 H.

974 2098 1308 2132 Commenta-ia
1329 2099 1580 2133 Gar-dinetus
1602 2099 1804 2132 Caietam·
1840 2083 1843 2086 ’

321 2176 346 2210 'u
374 2179 508 2210 articulo
541 2179 683 2209 secundo
714 2178 857 2209 eiusdem
887 2178 1232 2220 octogesimaequintae
1260 2189 1358 2220 quae-

298 2191 449 2261 Istionis,
464 2222 590 2254 adverte
606 2223 696 2264 quod
719 2223 752 2253 in
768 2231 902 2263 corpore
918 2222 1040 2253 articuli
1055 2225 1178 2254 Auctor
1199 2223 1357 2254 rationem

295 2267 479 2304 radicalem,
503 2267 579 2308 quia
601 2266 718 2298 scilicet
740 2266 929 2298 sacrificium
952 2267 1085 2298 exterius
1116 2267 1209 2298 debet
1232 2267 1359 2298 confor-

295 2311 372 2342 mari
396 2311 547 2348 interiori,
571 2312 660 2352 quod
684 2311 743 2341 soli
767 2311 836 2341 Deo
861 2311 999 2347 offertur,
1024 2310 1191 2342 confirmat
1213 2311 1360 2342 similitu—

295 2355 368 2386 dine
391 2355 639 2396 proportionali,
664 2355 739 2395 quia
762 2355 879 2386 scilicet
901 2356 944 2386 sic
967 2365 999 2385 se
1023 2355 1117 2387 habet
1139 2365 1202 2386 vox
1231 2362 1261 2386 et
1285 2366 1359 2386 con-

1412 2186 1521 2219 ceptus
1544 2178 1753 2219 significatus;
1779 2185 1809 2210 et
1831 2179 2042 2219 postmodum
2059 2178 2300 2209 conclusionem
2319 2178 2422 2218 ipsam
2441 2188 2478 2209 ex

1411 2224 1552 2254 humana
1576 2223 1807 2255 consuetudine
1831 2224 1958 2263 probat,
1983 2233 2080 2264 quam
2105 2223 2200 2254 etiam
2223 2222 2408 2253 auctoritate
2432 2223 2477 2253 di-

1411 2268 1502 2298 vinae
1524 2267 1603 2306 legis
1617 2267 1634 2287 '¹‘
1657 2268 1696 2298 de
1719 2267 1926 2308 thymiamate
1953 2277 2009 2298 seu
2039 2273 2204 2307 unguento
2233 2266 2393 2307 prohibito
2418 2267 2476 2297 sub

1412 2321 1518 2352 poena
1540 2312 1666 2348 mortis,
1692 2311 1867 2342 confirmat.
1899 2313 1939 2342 Et
1967 2312 1993 2342 si
2015 2311 2062 2341 vis
2093 2311 2256 2341 materiam
2281 2311 2361 2341 hanc
2383 2310 2478 2342 latius

1385 2335 1388 2395 Ι
1412 2356 1528 2393 videre,
1552 2355 1672 2396 inspice
1695 2356 1870 2396 capitulum
1894 2366 1951 2386 cxx
1975 2356 2060 2386 Libri
2084 2356 2124 2385 Ill
2152 2355 2242 2386 Cont.
2262 2355 2352 2385 Gent.

2505 2269 2714 2296 'Exod.cap.xxx‚

2505 2301 2565 2318 vers.
2579 2301 2601 2324 3¹
2616 2301 2659 2323 sqq

1098 2499 1416 2542 ARTICULUS
1443 2500 1676 2543 TERTIUS

717 2583 873 2614 UTRUM
896 2583 1087 2614 OBLATIO
1112 2583 1334 2615 SACRIFICII
1358 2584 1424 2615 SIT
1449 2584 1666 2615 SPECIALIS
1689 2584 1831 2615 ACTUS
1856 2583 2058 2615 VIRTUTIS

63 3489 65 3491 ,
85 3468 153 3493 νει..
167 3475 185 3492 ι.

1093 2653 1123 2678 ΙΙΙ
1144 2653 1227 2682 Sent„
1246 2654 1304 2678 dist.
1323 2662 1356 2683 ix.
1376 2662 1422 2687 qu.
1441 2662 1457 2683 1,
1478 2660 1524 2678 art.
1549 2662 1572 2684 ι,
1591 2654 1640 2686 qu*
1661 2661 1684 2679 2.

334 2758 353 2773 =·:
374 2744 391 2765 ,ἰ
430 2752 465 2775 2<

323 2752 479 2835 Γιμῗῖὲ
508 2777 651 2814 oblatio
679 2776 850 2813 sacrificii
877 2788 956 2814 non
983 2777 1030 2814 sit
1057 2778 1229 2826 specialis
1249 2785 1355 2814 actus

410 2875 422 2884 ἵ
478 2825 668 2876 1virtutis.
710 2829 812 2866 Dicit
843 2830 945 2867 enim
970 2830 1216 2877 Augustinus,
1247 2831 1282 2866 X
1310 2830 1356 2867 de

352 2908 357 2914 x
396 2884 441 2922 ’ἕ
479 2879 594 2919 Civ.
613 2882 689 2919 Dei
702 2882 740 2919 *t
767 2883 905 2919 Verum
923 2884 1151 2931 sacrificium
1174 2889 1228 2919 est
1245 2895 1357 2920 omne

297 2947 390 2984 opus
409 2935 510 2983 quod
531 2935 662 2984 agitur
680 2940 720 2972 ut
739 2941 870 2972 sancta
894 2936 1068 2972 societate
1092 2936 1356 2973 inhaereamus

296 2989 392 3026 Deo.
435 2987 514 3025 Sed
541 3000 658 3025 omne
686 3000 784 3037 opus
813 2989 960 3025 bonum
989 3001 1067 3025 non
1101 2996 1156 3025 est
1183 2989 1356 3037 specialis

297 3049 403 3079 actus
429 3040 586 3078 alicuius
605 3041 880 3078 determinatae
896 3041 1056 3078 virtutis.
1086 3042 1188 3089 Ergo
1213 3041 1354 3078 oblatio

297 3093 470 3132 sacrificii
494 3106 573 3131 non
593 3102 650 3132 est
667 3094 840 3143 specialis
866 3101 970 3131 actus
991 3094 1263 3132 determinatae
1281 3094 1356 3132 vir-

297 3155 396 3186 tutis.

322 3195 329 3202 “
352 3212 388 3237 2.
408 3200 642 3246 Pam-raam,
672 3199 879 3237 maceratio
902 3200 1072 3248 corporis
1091 3212 1191 3249 quae
1218 3201 1262 3238 fit
1288 3213 1358 3250 per

297 3252 493 3299 ieiunium,
524 3252 684 3301 pertinet
710 3253 761 3290 ad
789 3253 1072 3300 abstinentiam
1101 3265 1200 3302 quae
1226 3261 1356 3291 autem

297 3306 341 3343 fit
358 3318 428 3355 per
447 3305 730 3353 continentiam,
749 3305 912 3355 pertinet
929 3306 978 3343 ad
998 3306 1226 3353 castitatem3
1256 3318 1355 3355 quae

299 3366 427 3396 autem
457 3367 511 3395 est
539 3359 579 3396 in
597 3359 794 3407 martyrio,
821 3359 983 3407 pertinet
1009 3360 1057 3396 ad
1084 3360 1356 3397 fortitudinem.

299 3411 410 3459 Quae
436 3411 567 3449 omnia
584 3411 764 3449 videntur
787 3412 1062 3461 comprehendi
1089 3413 1161 3449 sub
1183 3412 1356 3450 sacrificii

299 3464 506 3502 oblatione:
537 3465 750 3502 secundum
777 3464 868 3502 illud
885 3466 998 3502 Rom.
1014 3465 1112 3502 x11*:
1138 3466 1358 3503 Exhibeatis

299 3527 460 3566 corpora
475 3523 598 3555 vestra
614 3518 774 3555 hostiam
795 3517 988 3556 viventem.
1009 3517 1108 3555 Dicit
1125 3518 1238 3556 etiam
1253 3521 1358 3568 Apo-

441 3588 552 3613 Stn'nuuz
569 3588 671 3613 Tmzot..
690 3588 722 3613 D.
733 3588 849 3613 Τιιοωιῑ
867 3588 900 3613 T.
918 3588 961 3613 Vl.

507 2735 530 2760 D
551 2735 711 2762 'manum
733 2735 787 2760 stc
806 2735 1047 2762 PROCEDITUR.
1071 2724 1230 2761 Videtur
1248 2725 1354 2774 quod
1383 2725 1386 2763 Ι
1411 2725 1541 2771 ειοΙιιε,
1564 2724 1617 2761 ad
1631 2725 1732 2761 Heb.
1753 2725 1818 2761 ult.
1834 2724 1871 2760 *ι
1899 2724 2174 2771 Beneficentiae
2191 2730 2228 2760 et
2244 2725 2476 2762 communio-

1411 2778 1468 2814 nis
1487 2777 1602 2814 nolite
1621 2778 1790 2814 oblivisci
1794 2791 1807 2814 .-
1826 2777 1960 2814 talibus
1979 2778 2078 2813 enim
2096 2777 2223 2813 hostiis
2235 2783 2478 2825 promeretur

1410 2831 1533 2867 Deus.-
1564 2830 1816 2867 beneficentia
1839 2837 1968 2866 autem
1989 2837 2025 2866 et
2044 2830 2264 2867 communio
2289 2831 2477 2879 pertinent

1412 2883 1461 2920 ad
1476 2883 1684 2930 caritatem,
1705 2882 2007 2920 misericordiam
2030 2890 2065 2919 et
2078 2882 2350 2920 liberalitatem.
2373 2885 2475 2932 Ergo

1411 2935 1586 2972 sacrificii
1616 2936 1758 2972 oblatio
1786 2947 1866 2972 non
1895 2943 1952 2972 est
1978 2936 2151 2985 specialis
2175 2944 2280 2973 actus
2300 2937 2476 2974 determi-

1412 2996 1524 3026 natae
1547 2988 1712 3025 virtutis.

1467 3043 1502 3079 3.
1533 3042 1777 3089 PRAETEREA,
1807 3041 2036 3079 sacrificium
2069 3042 2222 3079 videtur
2249 3042 2354 3091 quod
2389 3043 2475 3080 Deo

1413 3095 1624 3132 exhibetur.
1655 3095 1732 3132 Sed
1760 3095 1880 3132 multa
1899 3102 1987 3132 sunt
2005 3107 2104 3144 quae
2123 3097 2209 3132 Deo
2236 3095 2474 3132 exhibentur:

1412 3148 1508 3185 sicut
1538 3148 1712 3195 devotio,
1743 3148 1884 3195 oratio,
1915 3148 2104 3195 decimae,
2134 3148 2338 3197 primitiae,
2370 3149 2475 3184 obla-

1411 3201 1535 3238 tiones
1556 3208 1592 3238 et
1606 3202 1841 3238 holocausta.
1863 3202 1965 3250 Ergo
1981 3202 2210 3239 sacrificium
2231 3213 2309 3238 non
2323 3200 2474 3238 videtur

1412 3266 1495 3291 esse
1525 3254 1660 3302 aliquis
1689 3254 1860 3304 specialis
1887 3262 1993 3292 actus
2022 3255 2291 3292 determinatae
2315 3254 2473 3291 virtutis.

1466 3307 1540 3344 SED
1571 3307 1717 3345 con‘rRA
1749 3319 1816 3344 Εετ
1836 3308 1940 3357 quod
1978 3308 2016 3344 in
2043 3309 2124 3355 lege
2153 3307 2330 3355 specialia
2365 3319 2476 3355 prae-

1413 3367 1522 3408 cepta
1552 3361 1599 3398 de
1629 3360 1820 3398 sacrificiis
1849 3361 2004 3398 dantur:
2033 3368 2074 3397 ut
2102 3367 2204 3408 patet
2232 3360 2269 3397 in
2289 3360 2474 3409 principio

1412 3413 1580 3450 Levitici.

1466 3467 1695 3503 REspouosso
1721 3478 1905 3503 mcENDuM
1932 3465 2055 3514 quod,
2076 3466 2171 3502 sieut
2197 3477 2313 3514 supra
2330 3466 2351 3488 *
2369 3466 2476 3502 habi-

1411 3526 1492 3556 tum
1515 3527 1581 3567 est,
1604 3519 1759 3568 quando
1780 3527 1886 3556 actus
1914 3519 2027 3556 unius
2044 3518 2192 3556 virtutis
2212 3519 2407 3556 ordinatur
2425 3519 2474 3556 ad

2302 3587 2335 3613 28

2503 2731 2517 2745 ⁸
2529 2731 2596 2754 Vero.
2612 2732 2644 2753 16.

2504 3453 2587 3475 ’Vide
2602 3453 2624 3474 1⁸
2626 3454 2645 3466 ¹⁰
2660 3453 2705 3475 11¹³*
2708 3470 2714 3481 ,

2504 3486 2543 3508 qu.
2557 3486 2619 3507 xviii,
2634 3483 2675 3501 art.
2691 3481 2714 3507 6,

2503 3513 2629 3555 ar*
2639 3510 2680 3528 ‘¹
2693 3513 2714 3535 ³,
