2860 4244
54 2390 55 2393 ,
69 2391 83 2418 ¹¹,

55 2422 64 2441 ’.ἦ
79 2426 87 2434 ,ι

55 2489 58 2496 .

75 2615 83 2623 a

61 2628 75 2639 ¹⁷!

50 2676 67 2685 ι

51 2689 91 2715 ζν,

52 2831 58 2838 2
71 2834 74 2835 ⁷

60 2870 71 2887 Ι,

59 2894 68 2907 ⁴.

44 3114 79 3139 *l*

39 3148 46 3159 r'
70 3147 90 3166 :J

54 3174 58 3181 .

37 3222 53 3239 ’πῖ-ι
62 3219 75 3239 ξ

35 3262 43 3286 g
62 3276 72 3282 ,.

35 3300 78 3324 ,Μ’

38 3322 68 3342 “”-ἡ”

43 3375 59 3400 ,ἦ
67 3387 82 3394 ,Ἴ

24 3418 42 3430 ιι

31 3506 39 3515 ¹
52 3492 53 3497 1

36 3549 57 3558 m-

20 3599 38 3614 Ὺ,

14 3625 20 3628 ,,
57 3619 65 3631 ‚
75 3619 79 3621 -

17 3642 27 3658 ⁴22
36 3643 41 3650 “
77 3652 80 3654 -

24 3672 38 3693 ῚΙ

15 3698 41 3719 ,ῃ

31 3723 37 3730 ι

1 3751 3 3755 ’
21 3747 30 3772 ἓ

12 3809 14 3811 .
28 3791 35 3811 ἰ

17 3888 26 3906 4)

7 3906 28 3934 τ’»)

4 3979 7 3981 Α

21 4032 42 4052 ³>

4 4053 34 4074 ,ΕΗ

11 4082 37 4098 ’.ι

7 4094 38 4165 ᾗ,
55 4140 59 4141 γ

14 4162 32 4190 ri

9 4194 37 4219 50>

12 4224 34 4244 *¹⁸0

60 357 100 379 lib.
107 355 138 377 111
141 361 202 383 ,.cap
206 360 262 376 xxxv

157 858 169 875 ⁸
300 859 386 884 rum
415 854 489 893 est,
518 848 624 884 Deus
662 847 813 884 exaudit
838 853 871 895 ⁸,
901 855 1106 896 antequam
1143 847 1355 884 orationem

85 904 153 927 Vm·
167 910 196 932 ²4
299 908 534 948 proponant;
555 901 766 946 secundum
786 901 877 937 illud
898 900 1016 937 Isaiae
1034 912 1105 937 va
1120 901 1161 936 *t
1188 899 1356 947 Eritque‚

159 958 176 988 t
300 958 502 1000 antequam
530 953 701 990 clament.
722 965 793 1003 ego
822 952 1068 990 exaudiam&

59 1005 153 1057 ,ἵξῃ
176 1005 272 1059 {gt-‘³2²3
353 1007 412 1042 An
440 1017 630 1043 SECUNDUM
649 1018 834 1043 mmmmm
862 1006 979 1053 quod,
1000 1005 1095 1041 sicut
1122 1015 1237 1052 supra
1257 1004 1276 1025 ³
1306 1003 1359 1040 di·
1384 1031 1386 1045 ,

35 1048 271 1113 ,ξιᾞίθῖω
301 1065 404 1096 ctum
433 1066 499 1105 est,
518 1060 856 1096 voluntas·movet
884 1058 1068 1094 rationem
1097 1057 1145 1094 ad
1173 1069 1284 1093 suum
1314 1056 1357 1092 fi-

56 1808 102 1838 ,J
120 1797 256 1836 vnn-⁹6.
297 1797 400 1829 daret:
423 1797 480 1828 sed
502 1802 538 1827 ut
559 1795 666 1827 exilla
682 1795 884 1827 occasionem
905 1796 1034 1826 haberet
1054 1795 1214 1835 ingressus
1235 1795 1276 1825 ad
1299 1795 1361 1825 dis-

937 241 1202 288 QUAESTIO
1233 223 1766 289 Lxxx111‚ART1CULUS
1796 242 1828 277 11

61 329 186 352 ’Deme
202 328 271 350 Orth·
297 322 386 359 dam
405 327 479 366 est;
508 329 544 358 et
562 323 825 358 Damascenus
845 321 945 368 dicit,
962 321 1000 357 in
1020 321 1070 356 Ill
1090 320 1186 356 libro
1200 320 1231 367 ²¹⁴,
1248 320 1382 369 quod

298 374 419 412 oratio
439 380 493 410 est
503 375 632 422 petitio
651 375 859 411 decentium
887 386 911 411 a
929 375 1024 410 Deo.
1055 373 1119 409 Sic
1143 385 1231 420 ergo
1252 381 1355 432 patet
1381 379 1382 382 ’

298 427 403 475 quod
431 427 551 464 oratio
582 429 628 465 de
657 439 733 476 qua
761 439 863 464 nunc
890 426 1094 475 loquimur,
1119 434 1175 462 est
1203 426 1354 462 rationis
1381 427 1383 442 “

299 487 415 516 actus.

351 534 409 568 An
446 544 584 569 PR1MUM
621 543 719 568 ERGO
754 543 938 568 manDUM
977 530 1082 579 quod
1124 531 1353 568 desiderium
1382 539 1383 542 ’

297 596 513 633 pauperum
551 584 686 621 dicitur
714 584 904 621 Dominus
944 583 1138 630 exaudire,
1167 585 1229 620 vel
1267 584 1355 631 quia

176 668 186 683 ,
299 637 530 675 desiderium
568 644 624 673 est
660 648 774 673 causa
810 636 983 684 petendi:
1020 648 1107 672 cum
1146 636 1273 684 petitio
1311 637 1357 672 sit

299 688 590 738 quodammodo
609 689 784 726 desiderii
802 689 997 737 interpres.
1014 711 1038 717 -
1049 689 1118 726 Vel
1133 690 1207 725 hoc
1223 689 1357 726 dicitur

299 743 348 779 ad
376 742 656 779 ostendendum
696 742 945 779 exauditionis
969 742 1230 779 velocitatem:
1269 741 1356 790 quia

300 794 439 831 scilicet
466 796 558 831 dum
596 795 722 831 adhuc
750 794 889 844 aliquid
923 795 961 831 in
990 795 1177 832 desiderio
1213 806 1356 853 paupe-

299 1123 402 1148 nem.
438 1112 548 1149 Unde
585 1111 676 1148 nihil
702 1111 898 1160 prohibet,
929 1117 1109 1147 movente
1141 1110 1356 1156 voluntate,

299 1172 426 1202 actum
454 1164 610 1200 rationis
637 1164 794 1200 tendere
821 1163 860 1200 in
878 1163 998 1200 finem
1028 1162 1198 1209 caritatis,
1220 1162 1285 1211 qui
1305 1169 1360 1198 est
1385 1176 1386 1190 ι

299 1218 384 1254 Deo
407 1216 518 1253 uniri.
555 1217 698 1253 Tendit
723 1224 853 1253 autem
880 1215 1001 1252 oratio
1030 1215 1068 1252 in
1096 1217 1223 1253 Deum
1253 1215 1360 1264 quasi
1385 1218 1386 1227 ¹

351 1337 374 1370 ε)
393 1337 548 1363 eat-audin·
565 1337 708 1363 exaudivit
726 1337 883 1370 BGLpCEx.

350 1372 378 1404 ζ)
395 1373 553 1399 exaudiam.
564 1387 584 1392 -
600 1380 645 1398 eos
663 1374 760 1398 addunt
778 1373 824 1398 Pa.

236 1441 437 1465 ΑΜ,

329 1543 350 1564 Ν
372 1532 506 1563 articulo
529 1531 635 1571 primo
658 1522 853 1572 quaestionis
870 1530 1212 1571 octogesimaetertiae,
1234 1531 1359 1560 adverte

302 1545 494 1617 Idiligenter
516 1576 604 1618 quod
625 1575 699 1606 licet
718 1576 875 1606 orationis
892 1585 1012 1605 nomen
1036 1575 1142 1615 plures
1158 1573 1361 1614 significatio-

298 1631 354 1652 nes
375 1621 499 1657 habeat,
523 1626 554 1650 et
577 1619 666 1650 aliter
680 1619 766 1659 apud
780 1618 1013 1659 grammaticos,
1033 1625 1064 1649 et
1086 1619 1175 1649 aliter
1190 1619 1276 1659 apud
1291 1618 1360 1648 rhe-

297 1671 391 1702 tores,
415 1664 503 1695 aliter
527 1663 613 1704 apud
635 1663 804 1703 theologos
827 1669 980 1699 sumatur,
1003 1669 1039 1693 ut
1063 1663 1101 1693 de
1117 1673 1150 1693 se
1168 1668 1270 1702 patet;
1295 1672 1361 1693 non

296 1709 370 1740 ideo
392 1711 515 1739 Auctor
538 1707 766 1748 etymologiam
781 1705 964 1738 Cassiodori
987 1704 1084 1749 (quae
1100 1706 1194 1737 etiam
1215 1713 1262 1737 est
1284 1706 1361 1736 Hie-

140 1780 184 1805 ub.
192 1779 234 1810 m
240 1781 270 1804 ω
296 1753 424 1794 ronymi
435 1751 465 1795 ⁸³)
485 1751 591 1783 attulit
605 1758 641 1782 ut
656 1750 918 1792 significationem
933 1761 1029 1791 super
1044 1751 1274 1792 etymologiam
1289 1750 1360 1781 fun-

295 1841 482 1873 tinctionem
503 1839 656 1871 orationis
678 1839 888 1881 speculativae
911 1846 942 1871 et
964 1839 1126 1880 practicae,
1144 1846 1175 1870 et
1199 1849 1236 1870 ex
1252 1848 1362 1869 earum

296 1884 408 1917 officiis
431 1894 530 1916 unam
547 1883 748 1915 manifestam
764 1883 916 1914 orationis
932 1883 1195 1924 significationem
1217 1893 1299 1923 quae
1316 1890 1362 1914 est

296 1929 336 1960 ad
359 1928 573 1970 propositum,
590 1928 707 1959 seilicet
729 1937 787 1969 pro
804 1928 956 1969 petitione
979 1938 1035 1958 seu
1059 1927 1290 1968 deprecatione,
1313 1927 1360 1957 lo-

297 1979 381 2004 caret
402 1972 435 2003 in
455 1972 588 2024 proprio
605 1972 757 2009 subiecto,
774 1981 810 2002 ac
825 1981 882 2013 per
895 1972 959 2002 hoc
974 1971 1186 2022 responderet
1204 1971 1359 2012 quaesito.

296 2017 404 2048 Habes
421 2017 518 2057 igitur
540 2026 577 2048 ex
591 2016 742 2047 hocloco
765 2016 844 2057 quid
859 2015 1015 2046 nominis:
1039 2015 1115 2066 quia
1130 2015 1285 2056 significat
1300 2025 1358 2055 pe-

297 2063 448 2102 titionem.
471 2061 578 2092 Habes
601 2067 632 2091 et
654 2060 896 2101 quodammodo
915 2060 993 2101 quid
1007 2059 1068 2091 rei:
1092 2059 1168 2100 quia
1185 2059 1297 2100 petitio
1314 2067 1361 2091 est

296 2111 388 2137 actus
409 2105 545 2136 rationis
560 2105 727 2146 practicae
749 2114 811 2146 quo
832 2105 925 2135 homo
947 2104 1127 2144 dispositive
1149 2104 1278 2135 ordinat
1300 2104 1360 2134 ali-

295 2149 374 2190 quid
388 2159 453 2190 per
467 2149 567 2180 alium
590 2148 752 2190 agendum
759 2156 773 2186 ;
795 2158 851 2189 per
873 2148 929 2178 has
953 2149 1038 2178 enim
1059 2147 1227 2188 particulas
1250 2147 1360 2178 distin-

296 2193 404 2234 guitur
427 2194 466 2224 ab
489 2193 610 2224 actibus
626 2192 784 2233 appetitus
801 2199 831 2223 et
849 2192 979 2223 rationis
994 2192 1215 2232 speculativae,
1240 2198 1271 2222 et
1293 2192 1361 2222 aliis

297 2237 419 2269 actibus
441 2237 571 2268 rationis
593 2236 757 2277 practicae,
781 2243 818 2267 ut
839 2236 929 2267 facile
952 2243 999 2268 est
1021 2236 1192 2267 discurrere
1214 2246 1272 2276 per
1292 2246 1360 2267 eos-

297 2282 381 2313 dem.
405 2282 568 2313 Memento
584 2287 691 2311 tamen
705 2281 757 2311 hic
775 2281 865 2321 quod
887 2280 963 2330 quia
985 2279 1064 2311 ratio
1084 2280 1224 2330 praefica
1247 2280 1285 2310 ab
1305 2291 1359 2320 ap-

296 2325 398 2367 petitu
421 2332 586 2362 movetur;
610 2331 641 2356 et
663 2325 775 2376 petitio
793 2324 826 2355 in
849 2324 971 2355 ratione
994 2324 1132 2365 practica
1154 2334 1187 2355 se
1210 2324 1304 2355 habet
1327 2331 1362 2356 ut

297 2369 462 2402 conclusio
493 2369 624 2406 ultima,
656 2369 738 2400 sicut
765 2368 937 2409 imperium
969 2366 1114 2411 (propter
1145 2369 1251 2409 quod,
1279 2368 1361 2400 sicut

297 2420 424 2455 oportet
441 2413 674 2453 praeconsiliari
693 2419 724 2444 et
741 2413 878 2444 iudicare
897 2413 936 2443 de
952 2412 1178 2452 praecipiendis
1197 2419 1229 2443 et
1246 2412 1360 2443 ultimo

245 2493 250 2497 ‚
296 2458 486 2500 praecipere,
505 2458 548 2489 ita
575 2463 702 2498 oportet
722 2456 957 2497 praeconsiliari
979 2463 1010 2487 et
1031 2457 1169 2487 iudicare
1192 2457 1231 2487 de
1253 2463 1360 2507 peten-

297 2503 347 2534 dis
382 2509 414 2534 et
449 2502 579 2533 tandem
610 2499 757 2543 petere):
793 2501 867 2532 ideo
894 2500 1008 2551 petitio
1037 2507 1085 2531 est
1113 2507 1201 2532 actus
1230 2500 1360 2532 rationis

297 2553 335 2578 ut
356 2547 465 2578 subest
485 2546 658 2582 voluntati,
683 2546 765 2576 sicut
790 2545 972 2585 imperium.
1003 2545 1045 2576 Et
1067 2551 1234 2585 propterea
1257 2545 1358 2575 oratio

298 2590 478 2622 attribuitur
499 2590 636 2631 utrique,
659 2589 778 2621 scilicet
798 2589 971 2620 intellectui
994 2596 1025 2620 et
1046 2589 1219 2619 voluntati:
1250 2595 1281 2620 et
1302 2599 1359 2619 vo-

298 2635 405 2667 luntas
426 2634 460 2665 in
482 2634 577 2675 culpa
599 2641 646 2665 est
669 2644 743 2665 cum
766 2634 805 2664 ab
829 2634 972 2664 oratione
995 2633 1099 2664 debita
1122 2632 1236 2664 deficit.

991 2811 1378 2854 ARTICULUS

335 3132 362 3149 q„
452 3122 489 3143 >a
513 3109 536 3135 D
552 3109 742 3135 SECUNDUM
757 3109 810 3135 εις
824 3109 1064 3134 pnocanrrua.
1079 3096 1240 3134 Videtur
1253 3081 1357 3156 quod
1383 3096 1386 3147 Ι

331 3128 487 3211 ’ἰὶὶὶῖ
514 3162 593 3187 ιιοιι
621 3149 667 3187 sit
686 3150 919 3188 conveniens
947 3162 1068 3188 orare.
1099 3150 1232 3200 Oratio
1256 3149 1358 3186 enim

360 3220 439 3283 v
462 3202 665 3245 ff'videtur
698 3215 781 3240 esse
818 3197 1030 3241 necessaria
1066 3203 1115 3241 ad
1143 3203 1218 3239 hoc
1251 3201 1358 3251 quod

324 3252 329 3258 '
360 3233 401 3283 f
471 3249 734 3294 &intimemus
770 3255 803 3293 ei
835 3269 858 3295 a
889 3268 969 3304 quo
1006 3255 1171 3304 petimus
1205 3255 1246 3293 id
1280 3267 1357 3305 quo

303 3302 527 3356 indigemus.
559 3308 647 3356 Sed,
668 3308 764 3345 sicut
782 3308 917 3346 dicitur
935 3309 1069 3347 Matth.
1089 3320 1125 3346 vl
1142 3307 1180 3355 ¹⁸,
1202 3308 1271 3345 scit
1286 3309 1358 3345 Pa-

305 3366 361 3399 ter
387 3366 508 3399 vester
525 3362 614 3410 quia
638 3337 698 3407 'his
717 3365 735 3383 ⁸
762 3361 946 3412 indigetis.
973 3362 1079 3410 Ergo
1095 3373 1175 3399 non
1195 3368 1254 3398 est
1271 3373 1360 3398 con-

304 3413 465 3452 veniens
492 3415 622 3452 Deum
650 3425 771 3451 orare.

388 3117 459 3140 ’41

360 3535 389 3568 a)
407 3536 456 3562 his.
469 3549 488 3555 —
505 3535 628 3562 omnibus
646 3536 743 3561 addunt
761 3535 807 3560 Pa.

447 3588 556 3614 swan
574 3588 676 3613 Τιιιιοι..
694 3588 727 3613 D.
739 3588 853 3612 ΤιιοιιΑΕ
872 3587 905 3613 Τ.
923 3587 966 3612 VI.

2397 243 2465 289 193

1409 333 1431 356 a
1458 321 1652 357 voluntate
1682 319 1842 357 caritatis
1871 327 1993 367 mota,
2021 319 2226 368 dupliciter.
2269 320 2356 357 Uno
2386 321 2467 368 qui-

1410 374 1498 410 dem
1527 373 1659 420 modo,
1681 385 1725 409 ex
1744 381 1849 422 parte
1875 373 1955 410 eius
1974 373 2078 422 quod
2097 372 2255 421 petitur:
2286 373 2374 422 quia
2392 374 2467 410 hoc

1382 459 1383 480 ἓ
1409 426 1613 474 praecipue
1634 433 1690 462 est
1708 426 1746 462 in
1766 426 1936 462 oratione
1956 425 2176 475 petendum,
2196 433 2238 462 ut
2255 427 2340 463 Deo
2360 426 2467 464 unia-

1410 490 1514 523 mur;
1553 479 1765 515 secundum
1802 479 1893 515 illud
1930 479 2068 516 Psalm.
2090 478 2130 516 *t
2164 480 2288 516 Unam
2319 480 2414 527 petii
2443 491 2466 516 a
2495 488 2704 516 'Ps-xxv1‚vers-4-

1409 532 1586 576 Domino,
1613 532 1711 567 hanc
1739 533 1952 580 requiram:
1982 538 2022 568 ut
2053 532 2253 569 inhabitem
2288 532 2324 568 in
2354 533 2464 569 domo

1409 584 1567 620 Domini
1592 584 1764 620 omnihus
1791 585 1919 621 diebus
1947 585 2045 621 vitae
2071 596 2189 621 meae.
2218 584 2305 622 Alio
2334 585 2465 632 modo,

1410 648 1455 672 ex
1474 643 1579 684 parte
1600 636 1716 684 ipsius
1737 642 1755 663 η
1783 637 1955 685 petentis,
1977 649 2093 685 quem
2113 646 2263 686 oportet
2286 639 2468 675 accedere
2596 651 2610 674 η

1410 688 1458 724 ad
1478 700 1567 724 eum
1587 700 1609 724 a
1629 701 1704 736 quo
1724 690 1835 737 petit:
1859 691 1921 727 vel
1941 691 2039 737 loco,
2061 690 2156 727 sicut
2180 691 2228 728 ad
2247 691 2466 736 homine'rm

1409 741 1471 777 vel
1499 748 1638 787 mente,
1659 741 1754 778 sicut
1781 744 1828 779 ad
1857 744 1996 780 Deum.
2028 743 2138 782 Unde
2167 744 2255 780 dicit
2287 743 2428 781 ibidem
2448 744 2468 766 '¹‘
2495 750 2704 777 'Di0ny³·¹00·cit·

1410 793 1532 841 quod,
1562 794 1710 841 quando
1739 796 1969 832 orationihus
1997 798 2214 834 invocamus
2242 798 2384 843 Deum,
2412 809 2469 834 re-

1410 845 1532 883 velata
1569 852 1691 882 mente
1727 847 1906 885 adsumus
1938 849 2016 895 ipsi.
2065 850 2114 885 Et
2148 850 2360 887 secundum
2393 851 2468 887 hoc

1412 898 1524 934 etiam
1555 899 1817 936 Damascenus
1838 901 1963 937 dicit*
1990 901 2094 949 quod
2122 903 2243 938 oratio
2271 908 2326 939 est
2341 915 2467 939 ascen·
2494 911 2574 933 ἰοο.
2590 911 2628 933 cit·

1384 971 1386 991 =
1410 963 1473 987 sus
1501 951 1706 988 intellectus
1725 949 1738 972 θ
1767 953 1804 988 in
1833 954 1969 990 Deum.
2594 954 2607 980 θ

1464 1005 1523 1040 An
1542 1015 1703 1041 TERTIUM
1723 1015 1907 1049 montinum
1936 1006 2040 1054 quod
2064 1006 2113 1042 illi
2139 1014 2215 1043 tres
2235 1014 2340 1043 aetus
2358 1008 2469 1055 perti-

1385 1089 1386 1092 ,
1411 1064 1502 1093 nent
1529 1056 1578 1092 ad
1607 1057 1791 1094 rationem
1819 1058 2105 1106 speculativam.
2137 1059 2213 1095 Sed
2237 1060 2392 1097 ulterius
2420 1061 2468 1097 ad

1411 1108 1597 1146 rationem
1625 1109 1831 1158 practicam
1860 1111 2022 1159 pertinet
2050 1124 2204 1148 causare
2233 1112 2374 1160 aliquid
2401 1126 2470 1161 per

1413 1163 1573 1199 modum
1594 1162 1741 1211 imperii
1766 1164 1828 1200 vel
1856 1176 1924 1212 per
1948 1164 2108 1201 modum
2134 1164 2333 1213 petitionis,
2353 1173 2394 1202 ut
2417 1166 2469 1202 di-

1414 1223 1516 1252 ctum
1546 1222 1601 1252 est
1619 1215 1650 1252 ⁸⁸.
2496 1217 2507 1228 ⁸
2519 1216 2546 1238 In
2561 1222 2665 1244 corpore.

1468 1337 1494 1368 η)
1515 1337 1606 1369 ipsius.
1618 1351 1638 1356 —
1655 1338 1718 1362 Om.
1737 1337 1764 1362 Ρ.

1467 1371 1491 1405 θ)
1511 1373 1668 1398 intellectus.
1679 1386 1699 1392 -
1716 1373 1811 1398 mentis
1831 1373 1876 1397 Pa.

965 1451 1298 1484 Commentariis
1320 1451 1571 1484 Oaxdinalis
1592 1452 1793 1485 Caietam·

1471 1531 1507 1560 In
1540 1531 1654 1561 eodem
1684 1531 1817 1562 articulo
1853 1538 1900 1562 est
1929 1532 2015 1562 aliud
2045 1533 2241 1573 singulariter
2270 1536 2469 1572 notandum,

1410 1574 1527 1605 scilicet
1549 1575 1638 1615 quod
1661 1575 1763 1605 oratio
1787 1581 1833 1605 est
1855 1576 1888 1605 in
1907 1585 2020 1615 genere
2043 1587 2154 1607 causae
2171 1577 2340 1614 efficientis,
2365 1579 2471 1619 dispo-

1411 1618 1500 1649 sitive
1523 1625 1640 1649 tamen.
1664 1619 1711 1649 Ex
1727 1619 1789 1650 hoc
1805 1629 1944 1660 namque
1963 1620 2059 1651 habes
2082 1622 2171 1661 quod
2194 1632 2267 1652 cum
2283 1622 2388 1653 Deum
2403 1633 2471 1654 ora-

1411 1672 1484 1692 mus
1507 1673 1566 1703 pro
1590 1672 1622 1693 re
1646 1663 1770 1703 aliqua,
1795 1673 1861 1693 non
1886 1663 1991 1694 solum
2016 1672 2136 1695 mentes
2159 1672 2282 1696 nostras
2305 1666 2374 1696 Deo
2398 1667 2471 1697 offe-

1410 1706 1510 1737 rimus
1534 1717 1570 1737 ac
1593 1707 1888 1747 appropinquamus
1912 1708 2023 1743 eidem,
2049 1709 2103 1738 sed
2126 1709 2220 1739 etiam
2245 1719 2352 1740 causas
2376 1721 2472 1751 appo—

1411 1750 1518 1781 nimus
1542 1750 1712 1782 efficiendis
1735 1750 1849 1802 petitis:
1879 1752 2012 1792 Propter
2035 1753 2123 1792 quod
2152 1753 2266 1784 merito
2289 1763 2355 1784 non
2378 1765 2471 1785 orans

1411 1802 1447 1826 ut
1470 1795 1563 1826 debet
1585 1795 1726 1835 privatur
1748 1795 1880 1835 optatis,
1905 1795 1986 1827 sicut
2002 1797 2173 1859 *negligens
2201 1797 2304 1828 cultor
2333 1798 2474 1837 privatur

1411 1839 1514 1870 fructu
1538 1839 1633 1875 horti,
1658 1839 1732 1879 agri,
1750 1846 1823 1871 etc.:
1849 1846 1885 1870 ut
1906 1839 2019 1870 infra*
2041 1847 2127 1881 patet
2148 1841 2181 1871 in
2204 1841 2316 1872 littera.

1466 1883 1504 1914 11.
1528 1883 1564 1914 In
1586 1884 1793 1924 responsione
1816 1884 1856 1913 ad
1879 1885 2056 1915 secundum
2078 1885 2219 1915 eiusdem
2242 1886 2373 1923 articuli,
2397 1894 2472 1917 nota

1411 1927 1527 1967 primo,
1550 1928 1639 1968 quod
1662 1927 1735 1958 hinc
1758 1928 1854 1958 habes
1877 1929 1966 1969 quod
1989 1939 2085 1969 supra
2101 1929 2237 1960 diximus
2256 1929 2289 1959 in
2304 1940 2359 1971 qu.
2372 1941 2471 1967 Lxxxx,

1411 1977 1467 2002 art.
1487 1972 1515 2007 5,
1541 1971 1579 2002 de
1602 1971 1754 2011 religione
1777 1972 1952 2002 secundum
1972 1983 2014 2009 se,
2038 1973 2088 2003 vel
2110 1973 2263 2013 imperata
2281 1974 2319 2004 ab
2339 1974 2398 2005 alia
2412 1975 2472 2005 vir-

1411 2021 1492 2046 tute:
1518 2022 1549 2046 et
1571 2016 1660 2056 quod
1683 2016 1836 2056 imperata
1859 2027 1877 2046 a
1892 2016 2016 2047 caritate
2039 2018 2079 2047 ad
2102 2017 2207 2048 Deum
2229 2018 2415 2050 terminatur
2437 2026 2474 2049 ut

1412 2059 1583 2096 obiectum,
1608 2059 1873 2091 non'secundum
1897 2070 1940 2092 se.
1964 2061 2072 2091 Habes
2095 2071 2233 2102 namque
2257 2063 2345 2102 quod
2368 2070 2473 2103 petere

1412 2104 1518 2134 Deum
1542 2103 1670 2135 sortitur
1700 2104 1800 2135 oratio
1826 2114 1862 2135 ex
1890 2104 2023 2135 caritatis
2049 2105 2193 2145 imperio.
2221 2106 2262 2136 Et
2296 2106 2397 2137 simile
2427 2113 2473 2137 est

1411 2147 1445 2178 in
1468 2148 1546 2179 aliis.

1467 2192 1552 2222 Nota
1575 2192 1726 2228 secundo,
1750 2192 1839 2232 quod
1862 2192 1963 2223 oratio
1985 2193 2145 2233 duplicem
2168 2203 2205 2224 ex
2227 2200 2315 2234 parte
2338 2194 2472 2234 petentis

1412 2235 1567 2266 unitatem
1588 2236 1719 2276 requirit
1741 2236 1780 2266 ad
1803 2236 1918 2267 Deum.
1941 2236 2082 2267 Alteram
2105 2247 2321 2274 communem,
2345 2245 2375 2269 et
2398 2238 2474 2268 haec

1412 2287 1459 2310 est
1481 2279 1584 2310 unitas
1607 2279 1778 2316 amicitiae,
1802 2290 1900 2321 quam
1927 2280 2001 2311 facit
2029 2281 2155 2311 caritas:
2180 2288 2211 2311 et
2239 2289 2368 2331 propter
2393 2283 2474 2312 hanc

1410 2323 1542 2355 inferius
1559 2323 1578 2343 *
1609 2330 1746 2375 ponetur
1777 2324 1858 2355 inter
1889 2325 2087 2356 conditiones
2120 2325 2270 2356 orationis
2301 2325 2510 2357 infallibilis

2498 1845 2508 1855 ⁸
2521 1846 2572 1866 Αιι.
2587 1850 2615 1872 ¹3·

2530 2326 2632 2353 Art-15.
2658 2326 2695 2348 Cf

1412 2367 1548 2399 amicitia
1571 2367 1715 2399 caritatis.
1745 2368 1886 2399 Alteram
1909 2369 2162 2405 substantialem,
2186 2379 2284 2410 quarn
2311 2369 2385 2400 facit
2406 2370 2475 2410 ipsa
2500 2352 2631 2400 &fug-ent
2642 2356 2696 2380 ⁹⁰⁸¹

1413 2411 1531 2443 oratio:
1555 2418 1586 2443 et
1607 2412 1685 2443 haec
1708 2418 1755 2442 est
1777 2412 1881 2443 unitas
1900 2413 2129 2453 applicationis,
2147 2423 2210 2454 qua
2230 2423 2320 2444 mens
2339 2414 2474 2454 seipsam

1413 2463 1444 2487 et
1465 2465 1523 2486 sua
1546 2456 1670 2487 exhibet
1692 2456 1763 2487 Deo
1791 2456 1825 2487 in
1848 2456 2004 2488 famulatu
2027 2464 2059 2488 et
2081 2458 2168 2488 cultu
2192 2457 2379 2494 affectuum,
2404 2469 2472 2498 pre-

1413 2510 1497 2536 cum,
1513 2500 1760 2530 meditationum
1776 2507 1807 2531 et
1821 2501 2011 2531 exteriorum
2027 2501 2199 2532 actionum.
2218 2502 2277 2532 Per
2292 2502 2373 2533 hanc
2389 2503 2474 2533 enim

1413 2544 1568 2574 unitatem
1589 2544 1744 2574 indivisus
1759 2551 1815 2581 est,
1840 2545 2018 2576 secundum
2033 2546 2155 2577 cultum
2178 2552 2209 2577 et
2232 2545 2432 2583 famulatum,
2455 2557 2474 2576 a

1413 2588 1493 2624 Deo,
1517 2588 1595 2619 dum
1618 2587 1689 2628 quis
1713 2595 1798 2619 orat:
1823 2589 1904 2620 sicut
1927 2599 2001 2620 cum
2023 2589 2116 2621 alicui
2133 2590 2235 2626 servit,
2258 2590 2412 2621 indivisus
2428 2597 2475 2621 est

1412 2633 1589 2663 secundum
1612 2632 1775 2663 servitium
1798 2633 1836 2663 ab
1859 2633 1927 2663 illo.

1423 2811 1785 2854 SECUNDUS

1029 2904 1183 2935 UTRUM
1207 2904 1274 2935 SIT
1298 2903 1571 2935 CONVENIENS
1597 2903 1743 2934 ORARE

462 2984 496 3008 lV
515 2983 597 3013 Sent„
618 2983 676 3008 dist.
694 2990 734 3014 xv,
754 2989 798 3015 qu.
817 2989 851 3011 xv,
870 2987 916 3007 art.
939 2989 960 3011 1,
979 2981 1029 3014 qu*
1050 2981 1077 3012 3,
1097 2982 1129 3006 ad
1151 2989 1171 3012 1,
1192 2989 1216 3013 2,
1237 2980 1267 3042 313
1286 2981 1414 3046 Ιῗιξιοίινι.
1436 2982 1522 3010 Geni„
1542 2989 1598 3015 cap.
1617 2988 1673 3011 xcv,
1692 2988 1766 3013 xcv1;
1789 2981 1932 3021 compend.
1955 2980 2051 3011 nicol„
2076 2987 2141 3013 part.
2159 2981 2189 3011 11,
2208 2989 2263 3014 cap.
2281 2989 2314 3012 113

1259 3024 1276 3041 n
1326 3023 1344 3042 a
1422 3023 1478 3050 cap·
1497 3024 1532 3043 vx·

1467 3108 1502 3133 2.
1524 3097 1767 3143 PRAETEREA,
1795 3108 1865 3145 per
1892 3096 2107 3133 orationem
2134 3096 2296 3133 flectitur
2323 3097 2473 3133 animus

1412 3149 1494 3186 eius
1527 3149 1593 3198 qui
1628 3156 1758 3186 oratur
1789 3156 1832 3186 ut
1858 3149 1969 3186 faciat
2005 3149 2111 3198 quod
2148 3149 2196 3186 ab
2236 3161 2282 3185 eo
2319 3149 2470 3197 petitur.

1413 3202 1492 3239 Sed
1521 3201 1672 3239 animus
1705 3201 1777 3239 Dei
1807 3208 1863 3238 est
1898 3201 2145 3239 immutabilis
2174 3209 2210 3238 et
2236 3201 2470 3238 inflexibilis:

1413 3255 1628 3292 secundum
1656 3254 1750 3292 illud
1778 3256 1910 3304 IReg.
1930 3267 1979 3292 xv
1996 3254 2038 3275 ⁸·
2029 3256 2187 3291 ‚Porro
2221 3254 2509 3302 triumphator·
2522 3265 2589 3288 vem
2605 3271 2641 3294 29-

1410 3308 1448 3345 in
1476 3308 1601 3345 Israel
1627 3319 1701 3345 non
1726 3313 1872 3356 parcet,
1899 3319 1967 3344 nec
1988 3306 2231 3355 poenitudine
2248 3305 2264 3336 β
2280 3307 2469 3356 flectetur.
2597 3318 2612 3351 β

1413 3361 1517 3408 Ergo
1546 3373 1625 3398 non
1654 3368 1710 3398 est
1738 3360 1973 3398 conveniens
2001 3359 2106 3408 quod
2140 3360 2267 3396 Deum
2302 3371 2469 3397 oremus.

1468 3414 1503 3451 3.
1525 3414 1766 3461 PRAETEREA,
1795 3412 1984 3450 liberalius
2014 3419 2068 3449 est
2103 3412 2193 3449 dare
2221 3412 2365 3460 aliquid
2392 3423 2471 3450 non

1469 3533 1495 3568 β)
1510 3535 1693 3567 poenitudine.
1705 3548 1724 3554 -
1737 3533 1905 3566 plenitudine
1923 3532 2124 3565 BFKLpACEx.

2293 3592 2323 3610 ιο
