2860 4244
422 251 470 287 66
1087 251 1354 296 QUAESTIO
1383 251 1524 297 LXIII,
1553 252 1849 289 ARTICULUS
1880 252 1931 288 lV

421 327 608 358 honorando
633 337 725 358 eum:
751 329 904 368 quoniam
923 328 1107 367 intelligitur
1130 328 1285 358 honorare
1309 328 1486 367 potentiam

420 381 475 402 seu
494 371 711 402 habitudinem
734 373 773 402 ad
790 372 947 402 virtutem.
971 372 1012 401 Et
1036 378 1164 411 propter
1183 371 1243 401 hoc
1258 371 1275 390 *
1297 370 1401 409 glossa
1420 374 1485 401 Au-

419 415 536 455 gustini
559 425 654 455 super
677 415 734 446 Iac.
753 426 783 451 11,
801 415 837 445 Si
852 416 1011 445 introierit
1027 416 1058 444 in
1082 419 1236 445 conventu
1259 420 1363 445 vestro
1384 421 1442 445 etc.
1458 414 1484 450 *,

184 364 192 373 ⁸
201 369 244 390 per
259 364 302 384 hoc
314 370 336 390 Α,
347 369 393 391 per

181 389 303 437 ζιοᾶἐταίει
316 390 355 411 Pa.

257 422 304 443 arg.
317 422 338 444 3.

1541 328 1656 364 dicens,
1680 329 1716 359 Si
1737 330 1796 359 hoc
1814 330 2016 370 intelligatur
2033 329 2073 359 de
2093 329 2286 369 quotidianis
2305 330 2511 366 consessibus,
2526 332 2598 371 quis

1540 372 1591 402 hic
1613 382 1675 403 non
1692 373 1834 412 peccat?
1856 373 2027 408 subiunxit,
2043 373 2071 403 si
2095 378 2201 403 tamen
2212 379 2346 413 peccat:
2367 374 2531 414 quoniam,
2547 384 2596 404 ra·

1512 449 1514 455 Α
1541 414 1627 445 tione
1643 415 1733 452 dicta,
1747 426 1812 447 non
1826 424 1934 457 peccat
1948 416 1981 447 in
1993 416 2178 446 huiusmodi
2193 416 2334 447 humana
2349 417 2595 449 conversatione.

1195 573 1513 616 ARTICULUS
1542 574 1815 623 QUARTUS

669 665 823 696 UTRUM
848 665 891 695 IN
915 664 1085 696 lumcns
1109 665 1263 696 Locum
1286 666 1464 697 HABEAT
1487 666 1726 697 PECCATUM
1750 667 2037 699 Accam-mnis
2060 668 2354 699 PERSONARUM

446 779 497 809 f?
586 775 606 814 s
628 765 650 789 D
671 764 845 795 QUARTUM
865 764 918 789 stc
938 763 1178 790 PROCEDITUR.
1194 753 1354 790 Videtur
1374 754 1479 802 quod

544 805 545 811 ’
588 804 606 841 “f
628 805 666 842 in
686 805 833 842 iudiciis
861 806 989 842 locum
1010 817 1089 841 non
1117 806 1255 842 habeat
1277 815 1477 855 peccatum

610 855 860 906 acceptionis
877 870 1142 906 personarum.
1172 859 1355 907 Acceptio
1377 860 1478 896 enim

627 922 880 959 personarum
911 911 1118 959 opponitur
1138 911 1397 948 distributivae
1426 913 1480 948 iu-

178 964 251 985 ’Aff
268 970 283 984 ¹·
416 963 548 1010 stitiae,
569 970 611 999 ut
639 963 782 1000 dictum
812 971 867 1000 est
884 964 915 1000 ¹⁸.
946 964 1023 1000 Sed
1057 963 1195 1000 iudicia
1230 964 1396 1001 maxime
1423 965 1479 1002 vi-

417 1015 553 1052 dentur
567 1016 616 1052 ad
631 1016 810 1053 iustitiam
827 1017 1142 1054 commutativam
1157 1017 1358 1065 pertinere.
1375 1019 1477 1066 Ergo

414 1080 666 1117 personarum
686 1069 857 1118 acceptio
877 1081 955 1106 non
974 1070 1089 1106 habet
1108 1071 1236 1106 locum
1257 1070 1295 1106 in
1318 1070 1477 1108 iudiciis.

470 1133 505 1158 2.
526 1122 760 1170 PRAETEREA,
780 1134 931 1171 poenae
959 1123 1172 1159 secundum
1202 1122 1356 1171 aliquod
1384 1123 1479 1160 iudi-

416 1173 516 1210 cium
547 1174 778 1222 infliguntur.
809 1175 887 1212 Sed
915 1175 954 1211 in
979 1175 1114 1223 poenis
1143 1175 1378 1223 accipiuntur
1395 1188 1480 1224 per-

415 1238 533 1263 sonae
566 1228 711 1276 absque
748 1235 927 1276 peccato:
957 1228 1044 1276 quia
1082 1227 1234 1275 gravius
1270 1228 1507 1276 puniuntur⁴

415 1279 480 1328 qui
499 1279 664 1317 inferunt
682 1280 857 1316 iniuriam
877 1281 915 1316 in
930 1291 1113 1328 personas
1130 1280 1345 1328 principum
1360 1293 1478 1328 quam

415 1332 480 1380 qui
499 1332 537 1369 in
564 1344 749 1380 personas
768 1333 939 1369 aliorum.
970 1333 1072 1379 Ergo
1091 1344 1343 1380 personarum
1371 1345 1478 1369 acce-

414 1385 493 1434 ptio
522 1396 600 1421 non
629 1386 743 1422 habet
770 1386 898 1421 locum
927 1385 966 1420 in
993 1384 1152 1421 iudiciis.

470 1439 503 1474 3.
525 1438 759 1484 ΡΚΑΕΤΕΚΕΑ,
779 1437 894 1474 Eccli.
916 1449 952 1474 1v
969 1436 990 1458 ’¹‘
1018 1437 1173 1474 dicitur:
1201 1439 1248 1474 In
1277 1438 1477 1475 iudicando

271 1496 287 1512 α
414 1495 489 1526 esto
516 1490 670 1538 pupillis
698 1491 920 1527 misericors.
961 1490 1037 1527 Sed
1065 1491 1140 1527 hoc
1160 1495 1178 1511 ‘²
1204 1490 1355 1527 videtur
1382 1491 1478 1528 acci-

274 1546 288 1578 β
413 1554 505 1591 pere
524 1555 729 1591 personam
743 1544 932 1592 pauperis.
958 1543 1060 1591 Ergo
1075 1543 1246 1592 acceptio
1261 1556 1450 1592 personae
1463 1543 1478 1574 β

414 1595 453 1632 in
482 1595 628 1632 iudiciis
657 1609 736 1633 non
761 1604 815 1633 est
842 1603 1055 1644 peccatum.

468 1649 542 1685 SED
571 1660 717 1685 CONTRA
737 1661 802 1686 EST
821 1649 926 1698 quod
947 1648 1083 1686 dicitur
1099 1650 1212 1685 Prov.
1234 1660 1319 1685 xvm
1338 1648 1379 1685 *z
1403 1649 1477 1685 Ac-

414 1701 538 1749 cipere
560 1713 764 1750 personam
793 1702 830 1738 in
859 1701 994 1738 iudicio
1025 1714 1099 1738 non
1128 1707 1183 1738 est
1208 1703 1359 1738 bonum.

467 1755 692 1791 Ri-:sposmzo
712 1767 897 1792 mCENDUM
917 1754 1033 1802 quod,
1050 1754 1145 1790 sicut
1165 1766 1280 1803 supra
1294 1753 1314 1775 ’¹‘
1334 1754 1476 1791 dictum

415 1814 482 1854 est⁷
503 1807 684 1844 iudicium
713 1815 768 1844 est
795 1815 899 1844 actus
929 1807 1108 1853 iustitiae,
1138 1814 1251 1855 prout
1287 1807 1400 1844 iudex
1429 1807 1478 1844 ad

414 1860 683 1908 aequalitatem
719 1860 879 1896 iustitiae
914 1859 1059 1896 reducit
1086 1872 1131 1896 ea
1166 1871 1263 1908 quae
1298 1859 1479 1908 inaequa-

414 1912 554 1949 litatem
593 1912 809 1962 oppositam
848 1913 973 1949 facere
1010 1920 1181 1960 possunt.
1219 1913 1478 1949 Personarum

414 1972 542 2002 autem
571 1966 741 2014 acceptio
771 1965 1077 2013 inaequalitatem
1110 1965 1304 2013 quandam
1342 1966 1477 2012 habet,

272 2027 287 2051 γ
415 2018 640 2066 inquantum
676 2018 887 2055 attribuitur
913 2023 930 2046 Υ
958 2017 1067 2054 alicui
1103 2030 1291 2066 personae
1329 2027 1480 2067 praeter

177 1440 186 1449 ⁸
201 1439 266 1460 Vers.
283 1445 313 1460 ιο.

175 1654 186 1663 ⁴⁵
201 1653 266 1674 Vers.
282 1660 301 1681 5.

1534 754 1704 790 iustitiae.
1735 754 1785 790 Et
1811 754 1899 791 ideo
1929 755 2181 792 manifestum
2201 763 2256 792 est
2284 757 2388 804 quod
2415 769 2486 806 per
2511 769 2596 806 per—

1534 819 1714 844 sonarum
1745 807 2006 855 acceptionem
2035 808 2218 845 iudicium
2247 810 2511 858 corrumpitur.

1587 861 1645 896 An
1675 871 1812 896 ramum
1841 871 1939 896 ERGO
1968 871 2152 897 memnon
2181 861 2286 911 quod
2318 862 2500 899 iudicium
2529 863 2597 900 du-

1533 912 1679 960 pliciter
1706 919 1831 960 potest
1859 911 2097 949 considerari.
2127 913 2215 949 Uno
2243 916 2382 961 modo,
2411 922 2597 963 quantum

1534 965 1583 1001 ad
1611 965 1734 1014 ipsam
1764 977 1845 1001 rem
1865 964 2082 1002 iudicatam.
2112 965 2160 1001 Et
2188 965 2242 1002 sic
2260 966 2442 1004 iudicium
2471 980 2511 1004 se
2530 969 2597 1005 ha-

1534 1018 1599 1054 bet
1627 1017 1884 1054 communiter
1913 1017 1961 1054 ad
1990 1018 2307 1055 commutativam
2337 1026 2373 1056 et
2400 1020 2449 1058 ad
2477 1020 2598 1057 distri-

1533 1070 1706 1107 butivam
1743 1070 1944 1106 iustitiam:
1977 1077 2103 1119 potest
2131 1070 2232 1107 enim
2269 1071 2409 1108 iudicio
2447 1072 2598 1110 definiri

1534 1123 1694 1171 qualiter
1731 1122 1873 1172 aliquid
1910 1135 2116 1160 commune
2145 1123 2191 1160 sit
2226 1124 2527 1161 distribuendum
2559 1125 2597 1162 in

1534 1176 1686 1222 multos,
1708 1182 1745 1211 et
1771 1175 1932 1224 qualiter
1958 1188 2057 1212 unus
2086 1176 2190 1212 alteri
2218 1177 2388 1214 restituat
2415 1178 2520 1226 quod
2548 1178 2596 1215 ab

1534 1239 1580 1264 eo
1610 1228 1768 1276 accepit.
1789 1248 1814 1256 -
1828 1228 1913 1264 Alio
1934 1229 2053 1275 modo
2072 1235 2196 1277 potest
2225 1229 2455 1267 considerari
2478 1241 2597 1279 quan-

1532 1287 1613 1316 tum
1643 1280 1691 1317 ad
1719 1280 1843 1328 ipsam
1873 1281 2037 1317 formam
2066 1280 2207 1328 iudicii,
2233 1290 2346 1330 prout
2374 1282 2517 1320 scilicet
2541 1283 2596 1321 iu-

1534 1333 1617 1378 dex,
1648 1332 1762 1369 etiam
1789 1333 1827 1369 in
1856 1333 1936 1381 ipsa
1965 1334 2238 1371 commutativa
2266 1335 2411 1382 iustitia,
2436 1336 2488 1372 -ab
2517 1347 2596 1373 uno

1533 1385 1667 1434 accipit
1695 1393 1731 1422 et
1758 1385 1863 1422 alteri
1883 1386 1957 1422 dat.
1989 1386 2038 1422 Et
2064 1387 2138 1422 hoc
2166 1387 2328 1435 pertinet
2346 1388 2395 1425 ad
2423 1388 2597 1426 distribu-

1532 1438 1650 1475 tivam
1688 1438 1878 1475 iustitiam.
1916 1439 1965 1475 Et
1993 1439 2205 1476 secundum
2241 1440 2316 1476 hoc
2353 1440 2391 1477 in
2427 1440 2598 1490 quolibet

1532 1491 1672 1528 iudicio
1709 1492 1838 1528 locum
1871 1492 2012 1528 habere
2050 1499 2175 1540 potest
2205 1504 2458 1541 personarum
2490 1505 2596 1531 acce-

1532 1551 1623 1593 ptio.

1585 1598 1644 1633 AD
1672 1607 1863 1634 SECUNDUM
1882 1608 2067 1634 meramnum
2095 1597 2202 1645 quod
2222 1609 2309 1634 cum
2338 1597 2491 1647 punitur
2513 1604 2600 1647 gra-J

1531 1650 1618 1687 vius
1647 1649 1780 1698 aliquis
1807 1657 1963 1698 propter
1987 1649 2163 1686 iniuriam
2191 1651 2230 1687 in
2248 1650 2437 1688 maiorem
2463 1655 2597 1700 perso-

1533 1714 1622 1739 nam
1651 1701 1910 1748 commissam,
1932 1715 2010 1739 non
2040 1710 2095 1739 est
2121 1715 2375 1751 personarum
2405 1705 2594 1754 acceptio:

1533 1755 1622 1802 quia
1650 1754 1731 1803 ipsa
1760 1754 1955 1791 diversitas
1982 1767 2171 1803 personae
2199 1756 2302 1803 facit,
2331 1765 2518 1804 quantum
2545 1757 2596 1796 ad

1532 1808 1619 1855 hoc,
1641 1807 1898 1844 diversitatem
1926 1807 1992 1854 rei,
2013 1815 2055 1844 ut
2081 1820 2196 1856 supra
2214 1808 2235 1831 *
2261 1809 2501 1847 dictumest.
2623 1822 2634 1834 ·
2662 1825 2833 1849 mummio,

1586 1861 1644 1897 An
1673 1871 1833 1897 ’reanum
1870 1864 2054 1898 memnon
2083 1861 2189 1908 quod
2225 1862 2345 1899 horno
2377 1861 2417 1901 in
2453 1861 2595 1903 iudicio
2622 1853 2835 1904 -mssffffl's-m'

1534 1912 1647 1950 debet
1682 1913 1841 1962 pauperi
1878 1913 2083 1951 subvenire
2119 1921 2305 1962 quantum
2333 1915 2415 1952 fieri
2445 1923 2572 1964 potest
2585 1944 2595 1963 ,

1533 1973 1663 2002 tamen
1701 1965 1782 2003 sine
1819 1965 1986 2002 laesione
2019 1966 2190 2003 iustitiae.
2229 1967 2411 2016 Alioquin
2442 1966 2602 2006 habet”'⁸'
2721 1967 2737 1993 δ

1534 2019 1662 2055 locum
1691 2018 1781 2056 illud
1810 2019 1915 2067 quod
1943 2018 2078 2056 dicitur
2099 2019 2223 2056 Exod.
2244 2032 2330 2057 xxm
2347 2019 2388 2057 *ε
2416 2021 2598 2070 Pauperis
2623 2031 2711 2055 ’Va-⁸·
2724 2037 2746 2061 ³·

415 2071 705 2120 proportionem
734 2084 862 2118 suam,
896 2070 935 2108 in
963 2083 1039 2119 qua
1068 2071 1235 2108 consistit
1271 2071 1479 2119 aequalitas
1503 2063 1507 2115 l
1533 2083 1680 2119 quoque
1708 2084 1782 2109 non
1811 2072 2045 2109 misereberis
2073 2073 2110 2109 in
2139 2072 2286 2110 iudicio.

466 2202 492 2234 α)
512 2202 596 2228 hoc.—
611 2202 636 2227 in
657 2203 706 2228 hoc
725 2203 756 2234 G,
776 2202 818 2228 lu'c
836 2203 856 2228 1.
868 2216 887 2222 -
906 2203 956 2227 Pro
975 2203 1089 2233 videtur,
1110 2203 1218 2227 uidetur
1235 2210 1291 2228 esse
1310 2203 1338 2228 P.

466 2236 491 2269 β)
507 2245 648 2269 personae.
659 2252 679 2256 -
692 2244 871 2270 personarum
893 2239 921 2263 Ρ.

1089 2316 1424 2349 Commentaria
1446 2315 1698 2349 Cardinalis
1719 2316 1921 2368 (Jaiotani

416 2407 463 2469 IN
487 2396 619 2427 articulo
643 2402 756 2436 quarto
781 2396 916 2426 dubium
935 2395 1071 2426 occurn't
1094 2395 1175 2426 circa
1198 2396 1230 2436 id
1254 2395 1343 2436 quod
1367 2395 1480 2426 dicitur
1503 2394 1505 2430 Ι
1531 2395 1628 2426 tivam
1643 2395 1806 2426 iustitiam.
1830 2396 1875 2427 Ita
1898 2396 1987 2437 quod
2009 2406 2076 2426 non
2099 2406 2137 2427 ex
2155 2395 2218 2427 hoc
2240 2396 2329 2437 quod
2351 2396 2385 2426 in
2401 2402 2474 2429 actu
2488 2384 2604 2428 iuffiffi‘

444 2441 477 2470 in
499 2440 707 2480 responsione
730 2441 770 2470 ad
793 2440 943 2480 primum,
960 2440 1058 2480 quod
1073 2439 1188 2480 forma
1212 2440 1322 2470 iudicii
1337 2441 1480 2480 pertinet

412 2485 456 2516 ad
478 2485 631 2515 iustitiam
662 2484 905 2515 distributivam.
937 2484 978 2515 Et
1008 2490 1055 2514 est
1082 2484 1162 2514 ratio
1191 2484 1279 2514 dubii
1307 2484 1383 2525 quia
1412 2494 1479 2514 non

413 2529 642 2572 quodcumque
672 2528 811 2568 accipere
834 2529 873 2558 ab
897 2538 964 2558 uno
994 2534 1024 2558 et
1047 2528 1119 2558 dare
1143 2527 1231 2558 alteri
1254 2535 1300 2559 est
1323 2535 1410 2559 actus
1432 2528 1480 2558 iu-

413 2571 514 2604 stitiae
537 2572 766 2603 distributivae:
791 2573 855 2609 sed,
872 2578 908 2603 ut
926 2579 1012 2612 patet
1035 2582 1072 2602 ex
1095 2572 1280 2612 supradictis
1295 2572 1322 2608 ³¹⁸,
1340 2571 1479 2612 accipere

414 2618 452 2648 ab
476 2627 542 2647 uno
566 2616 731 2647 communi
755 2622 786 2647 et
809 2617 882 2647 dare
906 2616 992 2647 alteri
1015 2622 1051 2647 ut
1074 2616 1153 2656 parti
1176 2616 1260 2646 illius
1284 2616 1479 2653 communis,

414 2668 460 2692 est
483 2668 569 2691 actus
591 2660 728 2691 iustitiae
752 2659 975 2691 distributivae.
1003 2660 1100 2690 Iudex
1123 2667 1230 2690 autem
1253 2660 1333 2691 inter
1357 2667 1479 2700 empto-

414 2715 481 2735 rem
501 2711 531 2735 et
553 2704 760 2740 venditorem,
785 2713 1002 2745 percussorem
1019 2711 1049 2734 et
1064 2713 1260 2744 percussum,
1278 2711 1308 2735 et
1327 2704 1406 2734 alios
1421 2704 1480 2734 hu-

413 2748 563 2785 iusmodi,
584 2758 641 2778 nec
660 2748 772 2788 accipit
794 2749 833 2778 ab
857 2759 923 2779 uno
948 2748 1122 2784 communi,
1147 2748 1202 2778 sed
1225 2749 1264 2778 ab
1287 2758 1351 2778 una
1374 2755 1479 2788 parte:

414 2803 471 2823 nec
495 2793 548 2823 dat
570 2792 657 2822 alteri
681 2799 716 2823 ut
738 2792 818 2833 parti
842 2792 1039 2828 communis,
1064 2792 1118 2822 sed
1142 2799 1178 2823 ut
1200 2791 1348 2832 singulari
1373 2802 1480 2832 perso-

414 2847 481 2867 nae.
506 2836 636 2867 Falsum
659 2846 734 2876 ergo
753 2836 877 2867 videtur
899 2837 988 2877 quod
1010 2835 1117 2866 iudicii
1140 2835 1243 2866 forma
1266 2837 1306 2866 ad
1328 2836 1480 2867 iustitiam

415 2881 645 2911 distributivam
668 2880 831 2920 pertineat.

470 2925 521 2955 Ad
544 2925 606 2955 hoc
629 2924 741 2955 dicitur
763 2925 852 2965 quod
874 2924 949 2965 quia
973 2924 1076 2954 forma
1101 2923 1315 2954 distributivae
1339 2924 1482 2955 consistit

415 2969 447 2998 in
470 2969 532 2999 hoc
555 2969 644 3009 quod
667 2968 840 3009 unicuique
863 2969 955 2999 detur
978 2968 1153 2999 secundum
1170 2978 1261 2998 suam
1281 2968 1479 3008 dignitatem;

403 3019 447 3042 'et
469 3012 572 3042 forma
594 3012 701 3042 iudicii
724 3012 866 3043 consistit
888 3013 920 3042 in
944 3012 1005 3042 hoc
1033 3013 1122 3052 quod
1145 3012 1270 3052 utrique
1293 3012 1390 3052 parti,
1414 3018 1480 3042 tam

417 3055 532 3086 scilicet
555 3056 653 3086 actori
676 3066 774 3096 quam
792 3066 857 3092 reo,
883 3056 1068 3087 attribuatur
1090 3056 1123 3086 id
1146 3057 1234 3096 quod
1257 3056 1480 3096 proportiona-

417 3107 487 3131 tum
511 3106 557 3130 est
579 3100 634 3136 illi,
659 3099 724 3129 sive
747 3100 807 3130 hoc
824 3100 942 3130 oriatur
965 3109 1002 3130 ex
1017 3100 1268 3130 commutatione
1287 3100 1351 3130 sive
1367 3110 1404 3131 ex
1419 3101 1479 3130 dis-

416 3143 602 3175 tributione:
626 3144 698 3174 ideo
721 3143 824 3174 forma
846 3142 954 3174 iudicii
977 3150 1115 3184 spectare
1138 3144 1251 3174 dicitur
1272 3144 1311 3174 ad
1335 3143 1480 3175 distribu-

175 2572 185 2582 ⁴
194 2572 241 2599 Qu.
250 2578 307 2598 uu,
315 2576 356 2594 art.
364 2578 385 2599 2,

176 2598 308 2621 Commeat.
319 2605 342 2621 n.
354 2605 384 2621 xi.

1586 2203 1613 2236 γ)
1632 2203 1801 2228 attribuitur.
1813 2217 1832 2222 -
1849 2203 1952 2235 aliquid
1969 2203 2129 2228 attribuitur
2147 2203 2178 2228 D.
2490 2188 2492 2190 v
2531 2231 2534 2235 ,
2582 2177 2599 2234 l

1586 2237 1611 2270 ὃ)
1631 2239 1718 2264 habet.
1730 2252 1749 2257 -
1767 2246 1819 2264 non
1838 2238 1918 2263 habet
1935 2238 1991 2269 Do,
2011 2246 2062 2264 non
2083 2238 2192 2264 haberet
2209 2239 2237 2263 Ρ.

2563 2344 2597 2367 :¹ss

2644 2392 2669 2405 ,τι
2686 2391 2715 2412 ,qi
2726 2401 2749 2406 2.

1531 2439 1699 2470 intervenit
1713 2440 1853 2480 accipere
1869 2440 1908 2470 ab
1923 2449 1989 2470 uno
2006 2446 2037 2471 et
2052 2440 2125 2471 dare
2141 2439 2238 2477 alteri,
2257 2439 2406 2471 asseritur
2418 2438 2598 2471 foi-maffia—

1531 2483 1696 2514 tributivae
1719 2483 1856 2514 iustitiae
1878 2490 1934 2514 aut
1955 2483 2074 2521 iudicii,
2098 2490 2135 2515 ut
2157 2483 2293 2515 obiectio
2315 2483 2396 2515 facta
2419 2482 2540 2525 accepit
2560 2493 2598 2515 α

1531 2527 1646 2564 littera3
1671 2528 1726 2558 sed
1749 2527 1824 2568 quia
1846 2527 1879 2558 in
1898 2533 1968 2558 actu
1985 2527 2094 2559 iudicii
2119 2527 2287 2559 intervenit
2309 2527 2448 2569 accipere
2472 2528 2510 2559 ab
2529 2536 2597 2559 uno

1532 2578 1563 2602 et
1585 2571 1659 2602 dare
1681 2571 1785 2608 alteri,
1810 2571 1983 2612 unicuique
2011 2572 2188 2603 secundum
2215 2581 2307 2602 suam
2336 2572 2597 2612 proportionem,

1531 2615 1604 2646 ideo
1628 2615 1668 2646 ad
1686 2615 1836 2646 iustitiam
1858 2622 1978 2655 spectat
1999 2615 2229 2647 distributivam
2251 2615 2356 2647 forma
2370 2615 2478 2646 iudicii
2492 2615 2598 2652 cuius-

1532 2669 1605 2700 que.
1635 2660 1723 2691 Patet
1746 2666 1854 2690 autern
1877 2660 1966 2700 quod
1990 2659 2104 2691 dicitur
2127 2670 2163 2690 ex
2187 2669 2225 2690 eo
2249 2659 2339 2700 quod
2359 2659 2455 2690 iudex
2476 2660 2597 2698 rectus,

1532 2703 1716 2744 accipiendo
1740 2704 1779 2734 ab
1803 2713 1869 2734 uno
1892 2704 2016 2734 bonum
2032 2703 2172 2745 aliquod,
2187 2710 2294 2743 gravat
2311 2702 2419 2744 ipsum
2434 2714 2500 2734 non
2516 2702 2601 2735 ultra

1532 2748 1776 2788 proportionem
1791 2747 1835 2778 illi
1853 2747 2004 2778 debitam:
2028 2754 2059 2779 et
2081 2747 2233 2784 similiter,
2250 2747 2356 2778 dando
2371 2746 2459 2778 alteri
2474 2748 2598 2784 bonum

1532 2792 1679 2832 aliquod,
1705 2801 1772 2822 non
1795 2792 1867 2832 plus
1891 2798 1946 2823 aut
1967 2791 2074 2823 minus
2102 2792 2155 2823 dat
2183 2801 2282 2833 quam
2305 2791 2344 2822 sit
2366 2791 2412 2822 illi
2436 2792 2599 2823 commem

1532 2843 1687 2867 suratum.
1711 2836 1762 2867 Sic
1785 2846 1859 2876 ergo
1883 2843 1929 2867 est
1952 2835 2124 2867 differentia
2146 2836 2340 2877 quandoque
2355 2835 2389 2866 in
2405 2845 2437 2866 re
2452 2835 2597 2874 iudicata,

1533 2880 1649 2911 scilicet
1673 2880 1762 2920 quod
1785 2886 1831 2910 est
1853 2880 2062 2911 commutatio
2085 2880 2135 2910 vel
2159 2879 2352 2910 distributio:
2377 2879 2480 2910 sedin
2495 2879 2598 2911 forma

1532 2924 1639 2955 iudicii
1664 2933 1776 2954 omnes
1800 2924 1947 2955 materiae
1970 2923 2173 2960 conveniunt,
2198 2933 2257 2964 pro
2273 2930 2393 2965 quanto
2410 2922 2599 2955 iudex‘tmffi

1532 2975 1653 3009 praeter
1676 2977 1767 2998 suam
1790 2968 2032 3008 proportionem
2055 2968 2146 3009 quasi
2169 2967 2326 2999 distribuit
2347 2969 2432 2998 bona
2451 2974 2483 3003 et
2504 2967 2597 2999 mulas

1532 3013 1574 3043 Et
1595 3019 1761 3052 propterea
1784 3011 1897 3043 vitium
1919 3012 2112 3053 acceptionis
2135 3019 2360 3052 personarum,
2384 3012 2473 3052 quod
2495 3010 2600 3043 diffl‘-

1532 3056 1658 3087 butivae
1681 3056 1856 3096 opponitur
1877 3056 2032 3092 iustitiae,
2056 3056 2090 3086 in
2113 3055 2203 3086 omni
2225 3061 2331 3095 potest
2353 3054 2472 3087 habere
2487 3054 2601 3087 luein}

1532 3100 1660 3130 iudicio.
1685 3100 1776 3130 Hanc
1800 3106 1907 3131 autem
1930 3110 1996 3130 esse
2018 3099 2159 3131 mentem
2181 3099 2329 3130 Auctoris
2353 3099 2447 3131 etiam
2469 3102 2507 3130 e‘x
2529 3099 2598 3133 ebr-

1532 3153 1610 3185 pore
1634 3143 1755 3174 articuli
1778 3151 1872 3184 patet.
2490 3151 2502 3161 ⁹
2549 3143 2563 3160 ⁴¹
