2860 4238
215 1125 226 1136 ¹*
241 1125 291 1146 Lib.
302 1125 363 1149 VIII,
375 1131 400 1146 ca
420 1139 426 1145 .

216 1157 237 1176 v,
253 1157 276 1172 n.
291 1157 311 1173 2.
326 1151 401 1173 -S.T
420 1166 426 1171 .

215 1178 266 1199 lect.
282 1184 303 1198 v.

215 1344 225 1354 ⁸
240 1344 309 1365 Num.
326 1350 341 1365 1.

216 1878 225 1887 ⁸
241 1877 310 1899 Num.
324 1884 354 1899 iv.

215 2448 226 2458 ⁸
245 2449 282 2469 Au
301 2463 306 2468 .
328 2447 425 2475 Epistol.

217 2474 277 2496 CCX
291 2490 296 2501 ‚
311 2474 340 2495 al.
357 2474 416 2495 CIX.

219 2581 228 2589 ¹
243 2579 268 2600 In
283 2585 344 2606 resp.
355 2579 383 2600 ad
403 2585 426 2605 4.

218 2846 225 2852 ”
234 2843 426 2871 Αι-ἰεῐοῐ.ΡΙιγει”ε.

218 2870 257 2891 lib.
277 2870 309 2896 11,
332 2875 381 2897 cap.
404 2877 424 2896 v,

218 2902 240 2917 n.
263 2902 284 2923 9.
306 2907 316 2911 -
337 2897 360 2918 S.
381 2896 426 2918 Th.

218 2923 268 2943 lect.
284 2929 314 2943 rx.

455 222 535 266 484

457 297 659 328 abstinentiae
674 298 711 327 ab
728 297 875 337 operibus
898 296 960 326 fiat.
986 295 1211 325 Moderationis
1227 301 1333 333 tamen
1350 293 1435 323 illius
1452 302 1516 322 me-

456 349 564 372 mento
589 341 620 371 in
644 341 838 375 huiusmodi,
856 347 890 370 ut
914 349 978 369 non
999 339 1177 374 dilatentur,
1195 348 1252 368 nec
1269 344 1420 368 consueta
1443 342 1517 375 post

456 386 568 416 horam
591 394 795 424 vesperorum
821 384 1026 414 extendantur
1053 383 1091 412 ad
1115 389 1215 413 totam
1240 382 1334 417 diem,
1353 388 1383 411 et
1407 380 1515 410 huius-

456 429 554 459 modi.

510 473 629 502 Eadem
653 481 782 511 quoque
806 471 926 501 ratione
955 477 1140 500 excusantur
1169 480 1185 499 a
1213 469 1320 499 divino
1345 468 1431 498 cultu
1460 477 1514 497 au-

455 516 559 546 diendi
584 516 711 545 missam
735 515 877 554 puellae,
902 514 956 544 ubi
981 521 1170 544 consuetum
1194 520 1240 543 est
1263 512 1350 553 quod
1375 522 1440 542 non
1465 521 1514 541 ex-

455 567 540 590 eant:
565 559 607 588 ita
630 559 717 599 quod
742 568 798 588 nec
818 558 902 598 ipsae
923 568 980 588 nec
1000 565 1114 588 matres
1138 564 1267 597 peccant
1291 563 1419 597 propter
1441 555 1512 586 hoc.

454 604 494 633 Et
517 603 659 632 similiter
688 612 769 642 quae
793 608 1024 632 consueverunt
1054 611 1120 631 uno
1145 611 1252 631 mense
1282 602 1417 631 domum
1448 609 1514 629 non

454 647 535 677 exire
559 653 688 686 propter
710 646 767 676 viri
792 652 937 676 mortem.

508 691 548 720 Et
577 690 723 720 omnium
752 689 838 729 prius
870 697 900 719 et
928 699 1012 719 nunc
1041 688 1197 719 dictorum
1230 688 1410 719 communis
1434 688 1512 718 ratio

453 741 499 764 est
522 734 609 774 quod
634 734 740 763 omnia
764 734 840 763 haec
864 740 937 763 sunt
961 734 998 763 de
1014 733 1081 762 iure
1105 732 1254 772 positivo,
1278 733 1367 773 quod
1391 738 1514 762 constat

452 787 508 818 per
523 777 710 807 contrariam
725 777 988 807 consuetudinem
1005 777 1157 816 abrogari,
1182 776 1327 816 praelatis
1344 776 1513 806 scientibus

453 829 483 852 et
506 831 571 851 non
595 821 905 861 reprehendentibus.
938 821 1003 851 Nec
1026 828 1073 851 est
1096 831 1178 860 opus
1201 821 1306 851 videre
1330 820 1355 850 si
1379 830 1512 850 consue-

452 866 530 895 tudo
548 866 587 895 sit
601 865 825 895 rationabiliter
840 866 1032 896 introducta:
1057 864 1171 895 sufficit
1186 865 1269 895 enirn
1292 864 1379 905 quod
1402 864 1444 894 ita
1464 864 1512 894 sit.

507 909 621 940 Venari
641 916 746 939 autem
762 909 866 940 solatii
890 919 992 945 causa,
1010 916 1045 939 ut
1068 909 1190 939 domini
1214 908 1343 943 faciunt,
1360 915 1391 939 et
1406 908 1514 938 ludere

453 962 527 983 cum
550 963 663 992 magna
686 954 736 983 vel
758 963 853 993 parva
876 953 1017 993 sphaera,
1042 960 1072 983 et
1094 953 1294 989 huiusmodi;
1319 959 1350 983 et
1371 952 1514 982 similiter

452 1006 563 1027 sonare
587 997 714 1027 musicis
737 997 963 1033 instrumentis,
989 1004 1020 1027 et
1043 997 1170 1027 choreas
1192 997 1315 1033 ducere,
1333 1002 1364 1026 et
1382 996 1511 1026 similia:

452 1041 477 1070 si
501 1040 629 1071 modico
652 1041 804 1081 temporis
820 1041 921 1081 spatio
941 1040 1060 1077 fierent,
1085 1051 1159 1071 cum
1182 1041 1293 1071 debitis
1310 1040 1512 1072 circumstan-

452 1084 512 1121 tiis,
536 1085 658 1115 licitum
678 1092 772 1121 esset;
799 1095 872 1115 cum
896 1095 957 1115 non
976 1086 1079 1125 possit
1100 1086 1192 1115 homo
1215 1085 1296 1115 diem
1321 1085 1438 1124 absque
1460 1084 1512 1114 de-

453 1129 620 1159 lectatione
638 1130 789 1166 transire,
806 1136 842 1159 ut
860 1129 974 1159 dicitur
987 1129 1020 1158 in
1037 1129 1079 1159 IX
1094 1129 1197 1159 Ethic.
1212 1128 1229 1147 *
1252 1128 1313 1158 Sed
1335 1128 1423 1168 quod
1443 1134 1511 1157 toto

452 1173 543 1213 quasi
565 1173 628 1208 die,
652 1173 702 1203 vel
729 1182 842 1212 magna
866 1173 935 1203 festi
959 1179 1045 1212 parte
1073 1172 1149 1202 haec
1171 1171 1256 1207 fiant,
1280 1171 1425 1202 illicitum
1449 1177 1510 1201 est:

452 1217 527 1257 quia
548 1217 624 1246 haec
641 1217 869 1247 contrariantur
891 1216 945 1246 fini
969 1217 1064 1246 huius
1087 1215 1253 1255 praecepti,
1271 1215 1326 1255 qui
1342 1222 1389 1245 est
1403 1224 1512 1245 vacare

453 1260 566 1290 divinis
575 1269 583 1296 ;
611 1260 783 1300 impeditur
806 1260 888 1290 enim
919 1260 1019 1290 homo
1052 1266 1181 1299 propter
1209 1259 1285 1289 haec
1309 1269 1326 1288 a
1348 1258 1511 1289 vacatione

453 1304 644 1334 divinorum.
675 1305 748 1334 Non
772 1311 877 1334 tamen
908 1310 954 1334 est
976 1311 1140 1343 peccatum
1172 1303 1323 1333 mortale:
1348 1303 1422 1343 quia
1445 1312 1511 1332 non

453 1355 499 1379 est
522 1355 629 1378 contra
645 1348 677 1377 id
696 1349 785 1388 quod
804 1347 994 1389 praecipitur
1016 1348 1078 1377 hoc
1101 1354 1285 1387 praecepto;
1310 1347 1374 1377 iam
1393 1347 1478 1377 enim
1494 1347 1511 1366 *

453 1393 572 1422 dictum
601 1398 647 1421 est
669 1393 758 1432 quod
789 1392 874 1422 aliud
899 1399 945 1422 est
968 1392 1006 1421 de
1030 1402 1096 1432 quo
1125 1392 1217 1422 datur
1236 1398 1455 1431 praeceptum,
1481 1398 1512 1421 et

451 1437 536 1467 aliud
555 1436 645 1476 quod
668 1442 714 1466 est
736 1435 806 1466 finis
830 1436 996 1476 praecepti.

506 1481 546 1511 Et
561 1479 638 1510 scito
657 1480 745 1520 quod
762 1481 862 1510 multa
877 1480 1013 1509 diximus
1029 1479 1112 1510 licita
1127 1489 1163 1509 ex
1185 1479 1413 1510 consuetudine
1429 1489 1510 1519 quae

452 1534 489 1555 ex
511 1524 632 1554 ratione
655 1524 744 1564 quasi
768 1524 875 1554 damni
904 1523 1098 1554 imminentis
1128 1523 1221 1554 etiam
1244 1523 1390 1553 videntur
1411 1523 1509 1553 licita:
1536 1542 1538 1552 .

452 1576 487 1599 ut
503 1575 588 1608 patet
603 1568 641 1597 de
657 1568 834 1598 vectoribus
858 1577 963 1598 rerum
984 1568 1023 1597 ad
1046 1567 1142 1607 longa
1164 1567 1283 1603 itinera,
1309 1567 1434 1607 quibus,
1451 1567 1510 1597 nisi

452 1613 551 1653 pretia
574 1621 679 1641 rerum
708 1619 919 1647 mutarentur,
945 1612 1098 1642 damnosa
1120 1618 1201 1641 esset
1228 1621 1339 1642 eorum
1363 1621 1421 1642 ars.
1446 1614 1512 1642 Aut

451 1657 571 1687 ratione
595 1656 735 1695 pietatis:
760 1663 795 1687 ut
817 1656 867 1686 ius
890 1656 991 1686 dicere
1021 1655 1152 1686 rusticis.
1183 1658 1249 1685 Aut
1271 1655 1391 1686 ratione
1421 1655 1511 1696 quasi

452 1700 658 1731 necessitatis:
684 1707 719 1730 ut
734 1710 783 1730 ars
798 1700 956 1730 laniorum
972 1700 1005 1729 in
1025 1706 1149 1735 aestate,
1169 1699 1297 1739 quando
1321 1709 1427 1730 carnes
1444 1709 1511 1729 cor·
1537 1722 1539 1742 3

451 1752 672 1784 rumperentur
685 1744 766 1774 inter
781 1744 930 1775 continua
944 1743 1032 1775 festa.
1055 1744 1096 1773 Et
1111 1743 1154 1773 sic
1171 1743 1208 1773 de
1224 1743 1388 1774 similibus.
1413 1743 1511 1774 Com-

453 1833 588 1863 suetudo
613 1832 724 1872 populi
749 1832 928 1863 Christiani.

507 1877 590 1907 XVI.
615 1877 649 1906 In
667 1876 802 1915 septimo
817 1886 890 1906 casu
909 1875 935 1911 *‚
960 1875 998 1904 de
1013 1874 1208 1914 indulgentia
1224 1875 1391 1910 Ecclesiae,
1408 1885 1510 1905 unum

451 1921 483 1951 in
506 1921 573 1950 iure
596 1920 756 1950 indultum
779 1919 916 1955 invenio,
933 1919 1050 1949 scilicet
1068 1918 1275 1958 piscationem
1299 1919 1455 1955 allecium,
1475 1925 1520 1950 ut-

451 1971 536 2005 patet
558 1964 591 1994 in
615 1974 681 2003 cap.
707 1964 804 2001 Licet,
830 1965 932 1999 Extra,
956 1963 996 1993 de
1016 1963 1130 1993 Feriis.
1162 1963 1258 2000 Quod
1282 1962 1354 1993 ideo
1378 1963 1410 1993 in
1433 1963 1509 1993 iuris

452 2018 583 2048 corpore
613 2008 754 2048 positum
785 2015 864 2048 puto
888 2014 923 2037 ut
946 2016 982 2036 ex
1006 2016 1044 2036 eo
1075 2006 1191 2036 similes
1221 2016 1310 2037 casus
1339 2007 1509 2047 dispensati

450 2052 679 2092 intelligantur,
703 2058 780 2092 puta
803 2051 934 2092 piscatio
967 2057 1143 2081 tunnorum
1175 2058 1204 2081 et
1231 2050 1399 2082 similium:
1428 2061 1508 2092 quo-

450 2097 536 2127 niam
560 2097 670 2126 eadem
685 2102 731 2127 est
746 2096 835 2132 ratio,
852 2095 926 2135 quia
950 2094 1066 2125 scilicet
1089 2104 1154 2125 non
1178 2094 1267 2125 omni
1291 2102 1433 2135 tempore
1458 2105 1506 2125 ca-

450 2141 590 2182 piuntur.
622 2141 741 2170 Verum
772 2140 798 2170 si
824 2138 976 2170 beneficio
1005 2139 1100 2168 huius
1133 2139 1346 2179 indulgentiae
1376 2146 1509 2170 utuntur

450 2185 548 2225 aliqui
563 2184 595 2214 in
611 2184 706 2214 simili
722 2194 805 2221 casu,
823 2193 979 2214 memores
995 2182 1056 2213 sint
1071 2182 1197 2213 sufferre
1214 2183 1398 2214 adiunctum
1415 2193 1507 2220 onus,

451 2236 486 2259 ut
510 2228 625 2258 scilicet
648 2228 783 2258 ecclesiis
807 2227 1037 2267 circumpositis
1053 2233 1083 2256 et
1099 2226 1215 2257 Christi
1240 2228 1430 2267 pauperibus
1451 2227 1508 2258 ho·
1533 2239 1534 2249 ¹

451 2279 572 2303 nestam
596 2273 634 2302 de
657 2272 746 2302 lucro
770 2271 951 2312 portionem
974 2271 1098 2301 faciant.

507 2316 640 2353 Quoties
663 2326 792 2357 quoque
816 2315 997 2356 repentinus
1027 2314 1139 2355 aliquis
1167 2325 1256 2345 casus
1279 2316 1428 2351 occurrit,
1455 2322 1510 2346 aut

451 2360 616 2390 necessitas
640 2361 753 2400 aliqua,
778 2360 819 2390 ita
839 2360 927 2400 quod
952 2359 1071 2389 clarum
1094 2369 1159 2388 non
1184 2359 1222 2389 sit
1245 2369 1284 2388 an
1307 2359 1398 2390 liceat
1419 2360 1508 2390 labo-

451 2414 518 2434 rare
540 2404 573 2434 in
589 2404 643 2433 illo
669 2404 762 2439 festo,
787 2404 826 2433 ad
850 2403 1014 2443 Episcopi,
1039 2410 1082 2438 et,
1107 2403 1177 2442 ipso
1202 2402 1377 2440 deficiente,
1402 2404 1440 2434 ad
1465 2414 1509 2434 sa-

453 2449 612 2479 cerdotem
627 2449 717 2478 cuius
733 2453 779 2478 est
794 2449 897 2477 maior
919 2448 1094 2477 auctoritas
1107 2447 1124 2465 *
1146 2448 1344 2484 recurrendo,
1367 2448 1461 2478 etiam
1484 2448 1509 2478 si

452 2492 513 2528 ille,
538 2492 643 2521 minus
668 2491 883 2532 perspicaciter
898 2490 1057 2520 licentiam
1081 2491 1293 2526 concedendo,
1319 2498 1440 2527 erraret,
1460 2501 1509 2521 ex—

453 2543 601 2566 cusantur
624 2546 641 2565 a
666 2535 794 2566 crimine
817 2535 872 2575 qui
895 2534 1024 2564 infesto
1048 2534 1201 2564 laborant.
1227 2535 1398 2571 Quoniam,
1423 2535 1508 2565 utin

451 2580 552 2610 littera
567 2578 582 2594 *
607 2580 727 2616 dicitur,
743 2579 776 2609 in
800 2589 881 2609 nova
898 2579 965 2618 lege
989 2578 1179 2617 dispensatio
1196 2578 1275 2608 circa
1294 2579 1355 2609 hoc
1379 2589 1444 2609 non
1465 2586 1511 2609 est

453 2623 585 2654 difficilis
610 2623 700 2654 sicuti
720 2630 783 2654 erat
799 2623 831 2653 in
850 2622 996 2663 antiqua:
1021 2632 1055 2652 ac
1076 2632 1131 2662 per
1146 2622 1217 2658 hoc,
1238 2632 1303 2652 non
1320 2630 1404 2653 tanta
1427 2633 1510 2663 opus

453 2675 498 2698 est
522 2667 699 2698 subtilitate.

507 2711 604 2742 XVII.
628 2712 703 2742 Post
725 2720 835 2741 omnes
859 2710 1008 2750 speciales
1032 2720 1132 2746 casuS,
1157 2710 1336 2740 communis
1360 2711 1509 2741 omnibus

452 2756 617 2796 generibus
640 2755 810 2785 moralium
840 2761 970 2784 actuum
994 2764 1083 2784 casus
1113 2753 1264 2789 occurrit,
1292 2754 1364 2784 ideo
1397 2755 1509 2785 tacitus

452 2801 485 2830 in
508 2801 608 2830 littera
630 2799 704 2840 quia
728 2798 908 2829 communis
924 2805 986 2828 est:
1011 2798 1156 2828 videlicet
1171 2798 1259 2838 quod
1276 2798 1432 2829 modicum
1443 2809 1513 2839 pro,

454 2844 550 2874 nihilo
567 2849 735 2884 reputatur
748 2843 774 2880 *,
799 2852 833 2872 ac
849 2849 1014 2882 propterea
1029 2841 1129 2872 facere
1146 2842 1309 2872 modicum
1329 2842 1508 2873 cuiuscum-

453 2898 515 2928 que
539 2887 655 2917 servilis
672 2887 775 2927 operis
794 2886 826 2916 in
850 2887 930 2917 festo
947 2896 1013 2915 non
1029 2892 1075 2916 est
1091 2893 1198 2916 contra
1218 2893 1421 2926 praeceptum
1436 2887 1509 2918 hoc.

453 2933 493 2963 Et
517 2932 588 2961 hinc
612 2931 756 2972 provenit
778 2931 865 2971 quod
890 2930 1012 2960 domini
1036 2930 1133 2970 aliqui
1156 2930 1189 2960 in
1213 2930 1298 2960 festis
1329 2931 1438 2961 diebus
1463 2941 1510 2961 ra-

453 2986 558 3006 suram
581 2976 693 3006 barbae
710 2975 854 3015 propriae
870 2975 991 3010 volunt,
1013 2981 1142 3014 propter
1165 2974 1299 3014 nuptias,
1316 2975 1366 3005 vel
1382 2975 1457 3015 quia
1473 2985 1510 3005 ex

453 3020 561 3050 itinere
584 3026 746 3054 venerunt,
771 3026 825 3048 aut
848 3019 921 3059 quia
945 3018 1059 3048 assueti
1083 3024 1157 3048 sunt
1179 3019 1319 3048 secundo
1339 3026 1395 3050 aut
1417 3020 1509 3050 tertio

453 3073 583 3104 quoque
616 3063 665 3093 die
695 3062 918 3093 relevationem
951 3062 1135 3092 huiusmodi
1167 3062 1294 3099 habere,
1319 3070 1389 3094 etc.:
1421 3063 1510 3094 aiunt

454 3107 538 3138 enim
559 3107 687 3146 perinde
703 3116 770 3137 esse
788 3116 823 3137 ac
844 3106 868 3136 si
892 3106 988 3136 lavari
1004 3106 1213 3147 mundarique
1237 3106 1352 3138 faciant
1368 3107 1426 3137 sibi
1441 3108 1509 3138 vul-

453 3158 532 3182 turn.
552 3150 693 3181 Tolerari
717 3151 778 3180 hoc
794 3156 914 3190 potest:
940 3150 1093 3190 quoniam
1109 3150 1240 3180 mortale
1263 3158 1428 3190 peccatum
1443 3161 1509 3182 non

454 3202 500 3225 est
522 3195 651 3225 tondere
679 3195 941 3230 unambarbam,
967 3194 1120 3234 quoniam
1151 3195 1342 3234 paucissimo
1366 3202 1510 3235 tempore

454 3239 515 3269 hoc
537 3238 581 3269 fit.

509 3283 620 3313 XVIII.
645 3282 786 3312 Dubium
820 3292 920 3312 unum
954 3291 1019 3312 non
1054 3281 1318 3312 dissimulandum
1342 3289 1444 3319 restat,
1470 3293 1510 3313 an

455 3336 550 3366 opera
577 3326 608 3356 in
634 3325 712 3356 festo
735 3326 818 3356 licita
847 3327 1015 3356 reddantur
1037 3325 1145 3356 illicita
1168 3335 1204 3355 ex
1227 3325 1288 3356 hoc
1311 3327 1399 3366 quod
1429 3325 1510 3357 fiunt

454 3369 658 3406 mercenarie,
683 3379 737 3400 seu
762 3377 890 3410 propter
912 3370 1045 3400 lucrum.
1075 3372 1236 3410 Apparent
1265 3369 1350 3400 enim
1374 3370 1509 3401 rationes

455 3414 635 3444 contrariae.
659 3414 741 3444 Nam
764 3414 851 3454 quod
875 3414 1043 3444 reddantur
1066 3413 1181 3450 illicita,
1206 3414 1358 3453 probatur
1381 3424 1417 3444 ex
1449 3414 1510 3445 hoc

455 3458 543 3498 quod
566 3467 785 3498 quaecumque
809 3467 904 3497 opera
918 3457 999 3487 fiunt
1017 3457 1216 3493 mercenarie,
1236 3456 1317 3488 fiunt
1343 3458 1509 3489 serviliter:

455 3500 608 3541 quoniam
630 3500 710 3531 fiunt
737 3508 866 3541 propter
888 3501 999 3537 alium,
1023 3501 1139 3531 scilicet
1162 3502 1290 3532 dantem
1321 3502 1508 3533 mercedem.

455 3545 548 3575 Liber
576 3544 660 3574 enim
683 3546 715 3575 in
739 3545 800 3575 hoc
833 3544 932 3575 differt
955 3555 972 3575 a
995 3555 1084 3575 servo
1109 3546 1196 3585 quod
1230 3546 1309 3576 liber
1337 3547 1389 3576 sui
1411 3555 1509 3577 causa

1110 215 1376 264 QUAESTIO
1408 214 1565 260 CXXII,
1598 215 1893 252 ARTICULUS
1923 215 1974 251 IV

1571 297 1627 329 est,
1645 299 1681 322 ut
1704 293 1816 324 dicitur
1830 293 1862 323 in
1883 291 2049 333 prooemio
2065 291 2247 331 Metaphys.
2264 291 2291 326 *,
2307 301 2414 322 servus
2430 298 2536 322 autem
2551 300 2627 322 non.

1571 335 1676 375 Opera
1700 343 1806 366 autem
1829 337 1950 367 servilia
1982 342 2056 366 sunt
2078 335 2184 365 illicita
2215 334 2265 365 die
2288 334 2378 366 festo.
2403 353 2423 358 -
2447 335 2488 366 Et
2517 334 2629 365 confir-

1570 386 1674 409 matur
1689 389 1726 410 ex
1741 380 1860 410 ratione
1883 380 2001 410 litterae
2016 380 2043 410 *.
2072 379 2154 409 Nam
2178 379 2250 409 ideo
2274 388 2369 418 opera
2386 388 2423 409 ex
2438 389 2497 409 suo
2517 389 2628 418 genere

1569 422 1690 453 servilia
1717 423 1799 454 licita
1823 433 1889 454 esse
1912 424 1944 453 in
1969 423 2048 453 festo
2073 423 2259 453 conclusum
2280 429 2332 453 vest
2355 422 2474 453 ratione
2497 422 2629 453 necessi-

1569 467 1639 496 tatis
1663 474 1718 497 aut
1739 467 1933 498 imminentis
1957 467 2075 502 damni,
2104 467 2179 507 quia
2202 473 2365 497 transeunt
2387 473 2463 496 tunc
2485 466 2518 496 in
2541 476 2628 496 com-

1568 511 1678 540 munia
1701 511 1839 541 dominis
1864 518 1894 542 et
1916 512 2022 542 servis.
2043 511 2138 551 Ergo,
2157 521 2173 541 e
2192 517 2310 546 contra,
2331 519 2427 550 opera
2443 510 2628 540 communia

1568 555 1618 584 vel
1641 554 1737 585 libera
1759 555 1867 585 illicita
1890 565 1956 585 esse
1980 556 2094 585 debent
2116 555 2148 585 in
2172 554 2252 585 festo
2277 553 2301 584 si
2326 560 2488 584 transeunt
2510 554 2543 583 in
2566 563 2627 584 ser-

1567 598 1650 628 vilia.
1681 599 1722 629 Et
1745 598 1819 639 quia
1843 608 2064 639 quaecumque
2087 599 2207 630 ratione
2231 597 2421 635 necessitatis
2447 604 2501 628 aut
2523 597 2627 627 immi-

2655 301 2663 309 ·
2678 299 2729 321 Lib.
2743 299 2761 327 1,
2776 305 2827 327 cap.
2838 305 2860 326 n,

2654 331 2754 374 303..ss
2773 325 2798 347 ⁵·
2819 325 2860 347 n..

2647 387 2665 400 Δ·
2678 386 2704 408 In
2718 392 2780 415 resp.
2794 387 2822 408 ad
2836 394 2856 416 3.

1568 642 1669 672 nentis
1693 642 1800 672 damni
1830 641 1910 672 fiunt
1939 643 2147 680 mercenarie,
2178 653 2215 673 ex
2244 642 2305 672 hoc
2334 641 2405 681 ipso
2429 641 2517 682 quod
2547 640 2628 672 fiunt
2669 648 2671 650 '

1567 686 1756 716 mercenarie
1786 693 1948 717 transeunt
1978 686 2011 716 in
2035 686 2174 722 servilia;
2198 687 2270 716 ideo
2295 695 2492 726 consequens
2523 693 2569 716 est
2592 692 2628 715 ut

1567 730 1675 760 omnia
1698 729 1883 760 huiusmodi
1915 739 1996 769 quae
2023 730 2213 760 mercenarie
2235 730 2267 760 in
2293 730 2372 760 festo
2402 729 2497 765 fiunt,
2521 728 2628 759 illicite

1565 773 1651 804 fiant.

1622 818 1657 848 In
1680 817 1867 858 oppositum
1890 823 1997 847 autem
2012 824 2059 847 est
2074 817 2149 856 quia
2172 826 2267 847 nemo
2296 817 2418 856 cogitur
2433 816 2528 856 gratis
2551 825 2628 855 ope-

1566 872 1614 892 ras
1639 872 1711 892 suas
1734 861 1916 902 impendere
1933 861 1961 892 ei
1984 860 2040 901 qui
2063 867 2169 900 potest
2184 861 2362 890 mercedem
2377 860 2514 891 reddere.
2539 859 2626 890 Con·

1566 913 1626 936 stat
1648 913 1754 936 autem
1778 905 1866 946 quod
1894 904 2073 935 necessariis
2099 904 2133 934 in
2163 904 2243 934 festo
2277 903 2408 934 servitiis
2441 913 2500 944 pro
2527 904 2627 934 salute

1566 950 1706 990 corporis
1729 950 1779 980 vel
1806 956 1935 990 propter
1956 948 2126 979 imminens
2153 948 2325 984 damnum,
2351 955 2537 987 cogerentur
2570 947 2627 977 ho-

1566 994 1667 1024 mines
1690 993 1783 1034 gratis
1807 993 1930 1029 servire,
1955 993 1980 1023 si
2004 1002 2070 1022 non
2098 999 2227 1032 possent
2250 992 2368 1032 absque
2395 997 2524 1031 peccato
2555 1000 2627 1030 pro-

1566 1045 1635 1078 pter
1662 1038 1839 1068 mercedem
1870 1037 1993 1067 servire.
2018 1054 2039 1059 -
2064 1037 2106 1067 Et
2128 1046 2165 1066 ex
2187 1036 2249 1066 hoc
2283 1035 2415 1066 ulterius
2446 1041 2628 1075 sequeretur

1566 1083 1654 1123 quod
1683 1082 1897 1112 invenirentur
1926 1090 2092 1121 nunquam
2126 1086 2180 1110 aut
2203 1089 2273 1110 raro
2303 1078 2466 1109 servitores
2485 1088 2544 1118 pro
2572 1078 2629 1108 hu-

1565 1125 1754 1156 iuscemodi:
1775 1125 1930 1166 quoniam
1953 1134 2061 1155 omnes
2079 1129 2240 1164 quaerunt
2262 1123 2443 1154 naturaliter
2465 1131 2548 1163 quae
2565 1131 2626 1152 sua

1564 1174 1649 1206 sunt,
1675 1176 1705 1199 et
1726 1179 1813 1199 rarae
1828 1175 1874 1199 est
1896 1169 2019 1199 virtutis
2042 1168 2145 1198 alieno
2169 1168 2293 1198 studere
2316 1168 2413 1197 bono.

1619 1213 1702 1243 XIX.
1732 1213 1781 1242 Ad
1815 1213 1877 1243 hoc
1908 1212 2042 1242 dubium
2073 1222 2091 1241 a
2117 1212 2309 1252 quibusdam
2339 1210 2454 1241 dicitur
2482 1209 2572 1250 quod
2601 1209 2628 1239 si

1564 1256 1636 1297 quis
1661 1256 1773 1287 serviat
1787 1266 1843 1286 seu
1868 1263 2015 1296 operetur
2029 1255 2062 1285 in
2079 1255 2160 1285 festo
2175 1255 2388 1295 principaliter
2402 1261 2532 1294 propter
2545 1262 2626 1283 mer—

1565 1301 1672 1331 cedem
1689 1310 1744 1330 seu
1760 1300 1895 1336 lucrum,
1911 1299 2017 1330 illicite
2041 1299 2121 1339 agit:
2146 1299 2171 1328 si
2187 1306 2294 1329 autem
2309 1298 2520 1338 principaliter
2536 1296 2628 1327 faciat

1564 1352 1600 1375 ut
1623 1344 1735 1375 serviat
1753 1344 1876 1374 homini
1899 1343 2029 1383 patienti
2053 1342 2270 1373 necessitatem
2294 1352 2349 1372 seu
2369 1341 2556 1382 periculum,
2580 1350 2627 1372 se·

1565 1389 1715 1419 cundario
1746 1396 1852 1419 autem
1882 1395 2012 1428 propter
2044 1387 2184 1422 lucrum,
2209 1396 2275 1416 non
2303 1392 2429 1426 peccat.
2453 1385 2494 1416 Et
2524 1384 2626 1415 simile

1564 1433 1655 1463 datur
1677 1433 1831 1463 iudicium
1855 1432 1894 1462 de
1918 1432 2067 1472 operibus
2091 1431 2195 1461 liberis
2218 1439 2300 1471 quae
2322 1429 2403 1460 fiunt
2425 1428 2627 1464 mercenarie,

1564 1484 1599 1507 ut
1622 1478 1745 1513 docere,
1769 1477 1893 1507 studere
1917 1483 1947 1507 et
1970 1475 2170 1506 huiusmodi:
2203 1474 2379 1505 secundum
2402 1473 2487 1504 enim
2510 1472 2626 1503 dictam

1563 1521 1796 1552 distinctionem
1825 1521 1901 1551 haec
1932 1520 2040 1550 omnia
2070 1526 2100 1550 et
2123 1519 2237 1549 similia
2266 1518 2350 1549 licita
2375 1517 2426 1548 vel
2447 1516 2556 1547 illicita
2577 1516 2626 1547 iu-

1564 1566 1677 1596 dicant.

1619 1609 1697 1639 Mihi
1721 1615 1843 1644 autem,
1869 1607 1961 1638 altius
1985 1607 2156 1643 ordiendo,
2181 1606 2268 1647 aliter
2292 1605 2462 1636 dicendum
2485 1604 2626 1640 videtur,

1563 1653 1793 1693 praemittendo
1811 1653 1886 1682 duo.
1905 1651 2021 1687 Primo,
2037 1652 2126 1692 quod
2149 1660 2220 1691 spes
2235 1650 2314 1680 lucri
2338 1659 2404 1680 non
2423 1648 2526 1679 reddit
2542 1658 2625 1689 opus

1564 1707 1600 1727 ex
1624 1696 1808 1727 non-servili
1831 1695 1950 1726 servile.
1975 1696 2139 1725 Probatur.
2165 1694 2249 1731 Quia
2272 1704 2346 1724 cum
2368 1693 2447 1724 lucri
2466 1702 2538 1732 spes
2559 1701 2625 1723 ma-

1563 1742 1645 1771 xime
1668 1740 1860 1776 inveniatur,
1885 1747 1915 1770 et
1938 1739 2028 1780 quasi
2054 1749 2110 1778 per
2133 1749 2166 1769 se
2189 1738 2311 1778 primo,
2335 1738 2368 1768 in
2392 1736 2625 1777 negotiatione,

452 1790 651 1830 plementum
667 1794 772 1818 tamen
789 1788 936 1818 omnium
952 1787 1040 1828 quod
1063 1787 1185 1823 liceant,
1201 1787 1325 1817 videtur
1343 1787 1421 1817 mihi
1438 1797 1512 1818 con·
1564 1785 1718 1825 quoniam
1750 1783 1921 1824 negotiatio
1948 1783 2062 1813 directe
2086 1783 2250 1812 ordinatur
2273 1782 2312 1812 ad
2343 1782 2485 1817 lucrum;
2513 1789 2623 1811 conse-

1563 1839 1664 1870 quens
1688 1835 1768 1859 esset
1786 1829 1874 1868 quod
1892 1827 2065 1867 negotiatio
2081 1833 2162 1856 esset
2185 1836 2267 1866 opus
2284 1825 2404 1856 servile.
2428 1825 2527 1862 Quod
2549 1834 2624 1855 con-

1563 1880 1623 1904 stat
1639 1883 1705 1903 esse
1721 1872 1850 1902 falsum:
1875 1871 1950 1912 quia
1973 1870 2125 1910 negotiari
2142 1878 2188 1900 est
2202 1870 2386 1906 liberorum,
2398 1869 2455 1910 qui
2473 1868 2534 1899 soli
2549 1874 2626 1900 sunt

1562 1917 1684 1947 domini
1707 1916 1915 1957 pecuniarum
1939 1922 1970 1945 et
1993 1925 2108 1951 rerum,
2133 1921 2163 1944 et
2185 1924 2252 1944 non
2275 1923 2450 1949 servorum,
2466 1912 2524 1953 qui
2544 1912 2624 1943 nihil
2649 1912 2651 1917 ⁴

1561 1962 1687 1992 habent.
1718 1961 1810 1991 Unde
1834 1959 2005 1999 negotiatio
2038 1969 2103 1989 non
2127 1965 2173 1989 est
2196 1957 2354 1998 prohibita
2380 1957 2412 1987 in
2436 1957 2517 1988 festo
2546 1956 2625 1997 quia

1562 2005 1600 2036 sit
1616 2015 1699 2045 opus
1723 2004 1850 2040 servile,
1874 2004 1927 2034 sed
1952 2003 2012 2033 alia
2034 2003 2172 2038 ratione,
2196 2009 2232 2032 ut
2255 2002 2375 2032 dictum
2403 2007 2451 2032 est
2464 2001 2492 2032 ²⁸².
2522 2001 2565 2031 Et
2585 2009 2624 2032 ex

1561 2050 1622 2080 hoc
1645 2056 1731 2089 patet
1759 2048 1848 2089 quod
1878 2057 1943 2078 non
1972 2048 2050 2077 bene
2074 2046 2183 2077 dicunt
2212 2046 2349 2077 dicentes
2379 2045 2470 2085 quod
2496 2045 2623 2076 studere

1560 2100 1690 2134 propter
1713 2103 1802 2133 spem
1826 2092 1904 2122 lucri
1928 2098 1974 2122 est
1997 2101 2079 2131 opus
2106 2090 2217 2121 servile
2240 2089 2421 2120 formaliter.
2453 2089 2496 2120 Et
2517 2089 2556 2120 de
2579 2088 2624 2120 ai-

1561 2138 1689 2168 milibus
1712 2137 1797 2168 idem
1821 2142 1867 2166 est
1888 2135 2053 2166 iudicium.

1616 2181 1782 2217 Secundo,
1807 2180 1896 2221 quod
1919 2189 2038 2210 merces
2061 2188 2128 2209 non
2147 2177 2248 2209 reddit
2274 2187 2356 2218 opus
2377 2187 2414 2207 ex
2436 2175 2624 2208 non-servili

1561 2226 1681 2256 servile.
1705 2225 1861 2256 Probatur
1887 2223 1948 2254 hoc
1964 2223 2134 2263 tripliciter.
2160 2222 2277 2258 Primo,
2292 2221 2367 2262 quia
2383 2230 2480 2261 opera
2502 2219 2624 2252 servilia

1560 2270 1764 2300 inveniuntur
1780 2269 1846 2299 sine
1862 2268 2022 2298 mercede:
2042 2274 2078 2297 ut
2094 2273 2179 2307 patet
2194 2266 2227 2296 in
2241 2265 2290 2296 his
2306 2265 2361 2306 qui
2377 2271 2550 2305 operantur
2563 2273 2624 2295 aer-

1560 2314 1634 2344 vilia
1654 2323 1750 2354 opera
1765 2319 1895 2352 propter
1917 2311 2047 2352 seipsos,
2065 2318 2100 2341 ut
2123 2317 2201 2351 puta
2222 2317 2330 2346 suunt,
2347 2309 2468 2340 faciunt
2490 2309 2622 2344 calceos,

1560 2366 1670 2388 vacant
1693 2364 1842 2392 texturae,
1859 2363 1928 2391 etc.,
1944 2363 2074 2396 propter
2093 2355 2258 2395 proprium
2274 2363 2380 2384 usum.
2404 2354 2452 2384 Ex
2474 2363 2514 2383 eo
2536 2352 2624 2384 enim

1561 2403 1649 2443 quod
1666 2401 1698 2433 hi
1714 2401 1836 2431 servilia
1857 2406 1998 2430 exercent
2017 2409 2114 2439 opera
2137 2399 2203 2429 sine
2220 2398 2372 2434 mercede,
2389 2403 2520 2437 apparet
2533 2396 2623 2437 quod

1561 2446 1711 2476 servilitas
1735 2444 1839 2485 operis
1862 2454 1928 2474 non
1944 2453 2040 2484 penes
2061 2443 2238 2473 mercedem
2262 2441 2442 2476 attenditur,
2458 2441 2514 2471 sed
2530 2439 2623 2472 aliud

1562 2497 1608 2520 est
1631 2500 1713 2529 opus
1738 2499 1804 2519 esse
1828 2488 1948 2523 servile,
1966 2487 2051 2517 aliud
2076 2497 2158 2526 opus
2174 2496 2240 2516 esse
2260 2485 2499 2516 mercenarium.
2522 2502 2543 2507 -
2566 2484 2621 2515 Se-

1562 2534 1683 2569 cundo,
1708 2533 1783 2573 quia
1806 2531 1925 2572 operari
1951 2531 2102 2561 serviliter
2134 2529 2336 2569 distinguitur
2363 2536 2472 2559 contra
2498 2528 2621 2568 operari

1562 2577 1761 2607 mercenarie.
1786 2577 1868 2606 Nam
1893 2575 2015 2615 operari
2034 2574 2184 2604 serviliter
2198 2583 2264 2604 non
2283 2581 2329 2604 est
2352 2572 2476 2613 operari
2492 2578 2623 2612 propter

1562 2631 1604 2657 se,
1625 2621 1699 2662 quia
1715 2630 1832 2656 servus,
1849 2619 2006 2660 quidquid
2025 2625 2182 2659 operatur,
2207 2617 2340 2648 domino
2359 2623 2521 2657 operatur:
2546 2625 2623 2656 open

1561 2665 1621 2695 rari
1644 2672 1750 2695 autem
1778 2663 1966 2694 mercenarie
1990 2670 2036 2693 est
2064 2662 2186 2702 operari
2210 2668 2339 2702 propter
2363 2671 2409 2697 se,
2433 2670 2508 2691 nam
2539 2668 2622 2691 mer-

1562 2709 1704 2739 cenarius
1727 2715 1876 2748 operatur
1898 2706 2109 2747 principaliter
2131 2712 2260 2746 propter
2283 2706 2461 2736 mercedem
2485 2704 2544 2735 sibi
2562 2702 2624 2744 ipsi

1561 2753 1767 2783 necessariam
1791 2759 1845 2782 aut
1868 2751 1989 2782 utilem.
2013 2751 2204 2790 Repugnant
2227 2759 2302 2790 ergo
2325 2749 2364 2780 ad
2387 2749 2524 2780 invicem
2547 2757 2623 2788 ope-

1562 2797 1620 2827 rari
1649 2796 1798 2827 serviliter
1820 2803 1851 2827 et
1873 2791 1996 2835 operari
2026 2794 2229 2824 mercenarie:
2254 2793 2330 2835 quia
2352 2802 2443 2824 servo
2466 2802 2531 2823 non
2554 2792 2624 2823 red-

1562 2841 1645 2872 ditur
1668 2850 1787 2871 merces
1811 2839 1927 2880 aliqua,
1950 2838 2144 2869 mercenario
2167 2844 2273 2868 autem
2297 2844 2424 2878 oportet
2445 2836 2624 2868 mercedem

1562 2885 1666 2921 reddi3
1691 2895 1726 2915 ac
1743 2894 1798 2925 per
1820 2884 1891 2920 hoc,
1908 2883 1960 2914 ille
1976 2893 2042 2913 non
2058 2889 2188 2922 propter
2203 2892 2246 2918 se,
2270 2882 2328 2912 iste
2344 2888 2474 2922 propter
2489 2890 2522 2911 se
2538 2880 2623 2921 prin-

1563 2929 1702 2969 cipaliter
1725 2935 1882 2969 operatur.
1907 2928 1981 2957 Non
2005 2926 2145 2958 redditur
2161 2936 2235 2966 ergo
2259 2935 2341 2966 opus
2365 2925 2475 2956 servile
2501 2934 2539 2955 ex
2560 2924 2622 2957 hoc

1562 2974 1651 3014 quod
1675 2973 1711 3003 fit
1733 2980 1863 3013 propter
1890 2971 2085 3002 mercedem:
2115 2980 2189 3001 cum
2218 2969 2328 3000 servile
2351 2979 2434 3010 opus
2462 2968 2502 2999 sit
2533 2967 2624 3009 quod

1563 3018 1729 3058 proprium
1752 3024 1798 3047 est
1821 3025 2004 3052 servorum,
2030 3015 2070 3045 ad
2099 3015 2188 3055 quod
2211 3024 2317 3045 servos
2336 3014 2503 3053 deputatos
2527 3012 2624 3043 habe·

1563 3072 1644 3092 mus.
1669 3079 1690 3084 -
1713 3060 1832 3097 Tertio,
1857 3060 1932 3101 quia
1954 3059 2026 3090 licet
2051 3069 2134 3099 opus
2158 3057 2386 3088 mercenarium
2409 3057 2442 3087 in
2464 3056 2527 3087 hoc
2550 3055 2626 3087 assia-

1562 3106 1691 3136 miletur
1712 3104 1815 3135 servili
1838 3104 1928 3144 quod
1950 3104 2057 3143 ipsum
2081 3112 2163 3142 opus
2187 3102 2276 3143 quod
2295 3101 2367 3142 quis
2390 3107 2519 3141 propter
2540 3109 2623 3131 mer-

1562 3151 1671 3180 cedem
1695 3149 1768 3180 facit
1791 3155 1940 3189 operatur
1962 3154 2091 3187 propter
2110 3147 2219 3186 alium,
2243 3152 2330 3186 puta,
2354 3151 2419 3176 arat
2445 3153 2557 3185 agrum
2579 3144 2624 3175 al-

1562 3194 1668 3230 terius,
1692 3193 1755 3224 suit
1776 3199 1897 3223 vestem
1912 3191 2048 3227 alterius,
2073 3197 2149 3227 etc.;
2173 3197 2391 3226 veruntamen,
2409 3188 2435 3219 si
2449 3188 2624 3219 resolvatur

1562 3245 1668 3269 totum
1692 3247 1775 3277 opus
1798 3235 2027 3267 mercenarium
2049 3235 2083 3265 in
2106 3245 2178 3265 suas
2201 3241 2320 3275 partes,
2345 3232 2506 3274 apparebit
2533 3232 2621 3273 quod

1563 3292 1629 3312 non
1653 3288 1699 3312 est
1722 3280 1841 3311 servile.
1871 3280 1919 3310 Ex
1942 3280 2068 3310 duobus
2099 3278 2256 3319 siquidem
2278 3284 2416 3309 constat:
2447 3276 2564 3307 scilicet
2586 3285 2624 3307 ex

1562 3325 1690 3356 vinculo
1714 3324 1875 3360 mercedis,
1900 3331 1931 3355 et
1952 3323 2075 3363 operari
2098 3323 2137 3353 ad
2161 3322 2269 3353 alium.
2294 3322 2356 3353 Sed
2379 3331 2415 3352 ex
2438 3319 2561 3360 operari
2583 3319 2624 3351 ad

1564 3370 1662 3400 alium
1685 3375 1808 3399 constat
1830 3369 1918 3409 quod
1934 3377 1999 3398 non
2023 3374 2070 3398 est
2092 3366 2218 3397 servile:
2243 3366 2318 3407 quia
2333 3364 2487 3404 contingit
2501 3362 2622 3404 operari

1563 3414 1602 3444 ad
1626 3413 1724 3444 alium
1747 3422 1812 3443 non
1836 3412 1995 3448 serviliter,
2011 3418 2088 3451 puta
2103 3411 2208 3451 gratis.
2232 3410 2274 3440 Et
2288 3409 2452 3440 vinculum
2471 3406 2623 3438 mercedis

1563 3457 1766 3497 distinguitur
1782 3463 1890 3487 contra
1904 3455 2068 3486 vinculum
2093 3454 2218 3485 servile:
2242 3453 2318 3494 quia
2332 3450 2622 3492 vinculumservile

1564 3508 1610 3532 est
1632 3507 1762 3541 propter
1785 3499 1964 3535 dominum,
1988 3499 2153 3529 vinculum
2176 3505 2282 3528 autem
2306 3495 2458 3527 mercedis
2481 3502 2527 3526 est
2550 3504 2623 3535 pro-

1563 3553 1631 3586 pter
1654 3544 1804 3584 seipsum.
1828 3544 1902 3574 Non
1926 3542 1961 3573 fit
1984 3552 2058 3582 ergo
2083 3541 2205 3582 operari
2229 3541 2269 3572 ad
2287 3539 2384 3571 alium
2407 3549 2490 3579 opus
2513 3538 2623 3569 servile

2648 2010 2659 2021 ⁸
2671 2009 2742 2032 Num.
2757 2016 2805 2032 xiv.
