2860 4238
0 247 9 370 Ξ

0 418 13 816 i

38 1208 116 1257 zub.
126 1208 156 1235 X,
165 1208 196 1230 ud
206 1207 251 1230 litt.

57 1317 70 1326 .-
111 1319 215 1340 stuw-

40 1476 52 1488 “
81 1478 250 1503 mumma,

81 1507 104 1525 3.
151 1522 154 1523 γ

40 1683 51 1696 ’
64 1682 132 1706 Vas.
145 1689 167 1712 7.

41 1741 52 1753 ⁸
65 1740 250 1764 ordaetLonb.

18 1976 21 1978 ,
41 1947 54 1960 ·
65 1947 132 1970 Vm.
146 1953 179 1976 ¹7-

40 2169 53 2182 ⁸
65 2169 132 2191 Vm.
147 2174 183 2197 ²9·

44 2382 54 2392 ·
81 2381 105 2403 1³²
126 2379 190 2408 11⁸⁶,
213 2386 254 2409 qn.

14 2427 17 2434 2
42 2413 114 2434 uzu,
129 2410 172 2430 nn.
184 2412 201 2429 1.

0 3170 20 3225 *ψ

2 3338 17 3375 22⁴·
0 3316 16 3324 J
18 3300 19 3303 „

932 205 1197 251 QUAESTIO
1227 205 1400 252 CXVIII,
1429 205 1722 242 ARTICULUS
1753 206 1783 241 ll

1036 321 1354 363 ARTICULUS
1383 321 1680 363 SECUNDUS

877 414 1030 445 UTRUM
1054 414 1260 444 AVARITIA
1284 413 1350 444 srr
1374 413 1577 445 SPECIALE
1602 415 1838 447 PECCATUM

851 494 870 517 II
891 493 972 522 Sem„
993 493 1051 517 dist.
1070 500 1139 521 xmu,
1159 500 1203 524 qu.
1222 500 1248 521 11,
1268 497 1314 516 art.
1335 492 1358 523 3,
1377 493 1409 516 ad
1432 499 1458 522 13
1480 493 1520 517 De
1538 493 1621 522 Malo,
1642 502 1687 526 qu.
1704 503 1757 524 χιιι,
1776 501 1822 520 art.
1845 504 1866 520 1.

310 589 320 606 ι
459 595 465 606 s
486 585 509 610 D
524 584 714 610 SECUNDUM
729 584 781 609 sm
797 584 1035 609 PROCEDITUR.
1051 572 1211 609 Videtur
1226 571 1331 619 quod

305 603 467 687 εἷς
487 625 643 662 avaritia
671 637 749 662 non
777 624 823 661 sit
845 625 1008 674 speciale
1026 633 1238 674 peccatum.
1268 623 1333 660 Di-

327 676 343 690 ,Υ
430 672 449 695 „s
472 677 477 681 .

295 682 423 759 “5⁴:3⁴3
436 685 479 767 ἱ
488 678 535 714 cit
564 677 664 714 enim
686 677 930 725 Augustinus,
951 678 989 715 in
1014 679 1063 714 III
1092 678 1137 714 de
1156 678 1238 715 Lib.
1259 678 1333 713 Ar-

335 748 344 766 .
368 734 396 758 3'1
411 742 431 763 μ)
467 750 478 759 x

364 593 401 608 iv}

277 941 476 978 moderata
500 942 655 979 alicuius
676 943 748 980 rei:
779 943 868 991 quia
887 951 1085 992 peccatum
1115 950 1182 987 est,
1207 949 1333 989 spreto

277 995 381 1031 bono
402 995 715 1042 incommutabili,
732 996 840 1033 bonis
857 995 1189 1033 commutabilibus
1205 994 1333 1031 inhae-

242 1071 248 1081 ,
277 1059 376 1093 rere,
406 1055 447 1084 ut
475 1061 588 1097 supra
607 1048 627 1070 ’Β
653 1049 827 1086 habitum
857 1056 922 1086 est.
960 1050 1061 1096 Ergo
1096 1047 1253 1085 avaritia
1281 1055 1336 1084 est
1362 1051 1363 1059 ¹

277 1101 452 1148 generale
479 1108 694 1150 peecatum.

332 1165 366 1190 2.
398 1154 640 1201 Pmmm,
675 1154 886 1191 secundum
927 1153 1135 1199 Isidorum,
1164 1153 1203 1189 in
1239 1152 1335 1189 libro

276 1259 479 1314 pecuniae:
516 1260 618 1297 unde
647 1267 683 1297 et
709 1259 748 1297 in
783 1273 919 1308 graeco
955 1259 1111 1296 avaritia
1138 1259 1337 1308 philargy-

277 1371 455 1414 argento,
484 1378 553 1414 per
580 1366 684 1415 quod
719 1367 881 1415 pecunia
913 1366 1160 1414 significatur,
1197 1365 1337 1413 signifi-

278 1425 410 1455 cantur
447 1420 579 1457 omnia
616 1420 799 1457 exteriora
836 1421 938 1457 bona
974 1431 1138 1468 quorum
1172 1419 1337 1467 pretium

276 1478 403 1520 potest
430 1472 658 1510 numismate
677 1473 901 1519 mensurari,
921 1480 963 1509 ut
985 1485 1099 1521 supra
1117 1472 1137 1494 ’¹‘
1163 1471 1337 1509 habitum

1358 582 1360 620 ξ
1386 571 1435 607 ibi
1465 579 1521 607 est
1548 572 1719 620 specialis
1745 573 1836 610 ratio
1856 576 2012 623 peccati.
2042 577 2125 614 Alia
2146 586 2273 616 autem
2304 588 2359 618 est
2386 594 2443 618 ra-

1385 624 1437 661 tio
1458 624 1548 660 boni
1567 625 1676 671 utilis,
1699 634 1735 662 et
1753 627 1844 663 boni
1864 628 2103 667 delectabilis.
2133 631 2295 669 Divitiae
2314 642 2442 671 autem

1359 677 1600 725 }secundum
1634 690 1673 714 se
1709 679 1850 716 habent
1886 681 2068 719 rationem
2101 684 2220 721 utilis:
2260 698 2304 722 ea
2340 687 2442 724 enim

493 731 547 766 it.
559 730 599 766 *ε
618 727 803 776 Avaritia,
824 743 921 779 quae
937 743 1076 781 graece
1089 730 1333 780 philargyria
1360 728 1362 766 ἕ

276 782 421 827 dicitur,
452 795 526 820 non
556 783 592 820 in
620 783 699 820 solo
727 790 885 834 argento
913 784 973 821 vel
1000 784 1172 829 nummis,
1205 783 1270 820 sed
1296 783 1332 819 in
1389 783 1538 820 cedunt.
1569 784 1617 820 Et
1644 784 1731 820 ideo
1761 787 1922 834 speciale
1940 789 2136 837 quoddam
2160 799 2359 838 peccatum
2389 801 2444 829 est

276 836 448 872 omnibus
476 837 587 872 rebus
611 848 708 884 quae
727 837 972 874 immoderate
997 838 1209 887 cupiuntur,
1230 836 1334 872 intel·
1389 836 1555 882 avaritia,
1585 838 1795 874 secundum
1825 841 1930 888 quod
1959 849 2015 878 est
2034 842 2307 881 immoderatus
2336 858 2446 882 amor

277 888 427 938 ligenda
447 894 509 925 est.
532 889 609 926 Sed
628 889 667 926 in
687 890 792 927 omni
811 898 967 939 peccato
989 898 1044 927 est
1063 889 1246 938 cupiditas
1266 889 1335 924 im-
1389 889 1552 925 habendi
1581 891 1855 939 possessiones,
1882 905 1980 940 quae
2001 895 2156 932 nomine
2176 898 2360 945 pecuniae
2381 899 2445 935 de-

1361 942 1363 987 }
1389 942 1589 989 signantur,
1612 955 1656 979 ex
1684 956 1759 991 qua
1787 946 1946 982 sumitur
1973 949 2156 985 avaritiae
2175 962 2317 987 nomen
2335 951 2366 988 *.

1388 730 1531 766 ratione
1560 738 1801 779 appetuntur,
1831 733 2054 782 inquantum
2075 735 2112 772 in
2137 749 2249 774 usum
2279 739 2444 777 hominis

1443 995 1587 1031 Verum
1617 997 1705 1043 quia
1738 998 1901 1034 verbum
1936 1001 2097 1037 habendi
2122 1004 2333 1041 secundum
2370 1005 2445 1053 pri-

1363 1094 1364 1098 *
1389 1059 1494 1084 mam
1516 1053 1531 1076 Υ
1558 1048 1842 1096 impositionem
1880 1051 1928 1087 ad
1965 1054 2226 1100 possessiones
2258 1057 2445 1104 pertinere

1363 1124 1364 1127 =
1388 1100 1550 1147 videtur,
1567 1114 1729 1150 quarum
1750 1115 1880 1139 sumus
1895 1105 2057 1142 totaliter
2077 1107 2240 1153 domini;
2261 1110 2309 1146 ad
2329 1112 2446 1147 multa

1363 1165 1364 1196 ς
1389 1154 1459 1190 alia
1479 1154 1686 1201 derivatur,
1717 1155 1812 1192 sicut
1840 1156 1973 1194 dicitur
1999 1159 2118 1195 homo
2147 1162 2288 1198 habere
2312 1163 2446 1200 sanita-

275 1205 442 1254 Etymol.
462 1207 494 1253 ²¹²,
523 1219 661 1244 avarus
681 1206 815 1244 dicitur
833 1206 940 1256 quasi
961 1207 1093 1244 avidus
1111 1206 1221 1250 aeris,
1242 1205 1338 1242 idest
1363 1224 1364 1230 ι

1389 1214 1480 1253 tem,
1500 1219 1672 1254 uxorem,
1692 1209 1977 1258 vestimentum,
1999 1219 2035 1248 et
2062 1212 2135 1249 alia
2155 1214 2386 1261 huiusmodi,
2406 1224 2447 1252 ut

1363 1295 1365 1309 ἱ
1390 1267 1492 1308 patet
1520 1261 1557 1296 in
1578 1262 1892 1299 Praedicamentis
1910 1263 1949 1300 *ε
1978 1277 2046 1312 per
2069 1277 2307 1316 consequens
2333 1269 2446 1305 etiam

277 1323 336 1350 rta
364 1317 381 1332 ‘²
408 1313 643 1359 nominatur,
681 1313 777 1350 idest
808 1325 920 1350 amor
955 1313 1116 1362 argenti.
1152 1312 1229 1349 Sed
1266 1312 1335 1348 sub
1363 1320 1365 1335 ³

278 1532 345 1561 est.
376 1525 478 1572 Ergo
507 1526 665 1564 avaritia
693 1526 862 1564 consistit
881 1526 918 1563 in
942 1525 1110 1574 appetitu
1140 1525 1339 1562 cuiuslibet
1364 1540 1366 1572 χ

279 1577 472 1615 exterioris
504 1579 568 1616 rei.
607 1581 709 1628 Ergo
743 1580 895 1618 videtur
926 1591 1008 1615 esse
1043 1579 1216 1626 generale
1251 1591 1339 1628 pec-

279 1638 418 1668 catum.

335 1684 369 1721 3.
390 1684 624 1731 PRAETEREA,
646 1697 760 1734 super
779 1684 870 1721 illud
883 1685 996 1722 Rom.
1011 1697 1060 1721 vn
1074 1684 1106 1731 ²⁸,
1125 1684 1232 1721 Nam
1252 1696 1338 1721 con-

278 1736 542 1786 cupiscentiam
563 1738 771 1775 nesciebam
793 1746 875 1784 etc„
897 1738 983 1774 dicit
1011 1738 1147 1775 Glossa
1165 1737 1200 1774 *z
1229 1739 1340 1775 Bona
1366 1735 1367 1780 J

278 1793 332 1826 est
350 1790 424 1836 lex,
444 1803 552 1840 quae,
569 1792 658 1828 dum
677 1792 1012 1840 concupiscentiam
1026 1792 1210 1840 prohibet,
1230 1803 1341 1828 omne
1366 1809 1368 1839 i

278 1843 422 1882 malum
431 1845 616 1893 prohihet.
632 1845 790 1882 Videtur
805 1853 932 1882 autem
952 1846 1011 1881 lex
1026 1844 1236 1894 specialiter
1253 1857 1342 1893 pro-

278 1951 403 1988 Exod.
431 1963 480 1988 xx
498 1951 538 1988 *τ
571 1952 663 1989 Non
696 1952 932 2000 concupisces
960 1963 1040 1987 rem
1071 1951 1245 1999 proximi
1275 1952 1338 1988 tui.

281 2057 330 2094 Et
355 2057 406 2094 ita
433 2057 589 2095 avaritia
619 2066 674 2095 est
700 2059 874 2106 generale
902 2064 1114 2107 peccatum.

281 2171 450 2203 metatur
478 2165 574 2202 inter
592 2165 663 2201 alia
682 2165 859 2213 specialia
877 2171 1045 2213 peccata,
1065 2164 1131 2201 ubi
1150 2163 1287 2200 dicitur
1304 2163 1341 2200 *z

279 2218 454 2266 Repletos
469 2219 574 2256 omni
586 2218 788 2266 iniquitate,
805 2218 959 2264 malitia,
965 2217 1236 2266 fornicatione,
1251 2229 1342 2254 ava-

281 2271 381 2318 ritia,
412 2279 481 2308 etc.

334 2325 560 2361 RESPONDEO
589 2336 773 2361 DICENDUM
807 2325 912 2373 quod
948 2331 1104 2371 peccata
1137 2317 1369 2360 sortiuntur*

281 2378 447 2427 speciem
477 2378 689 2414 secundum
718 2377 885 2423 obiecta,
915 2385 956 2413 ut
989 2389 1103 2425 supra
1122 2376 1141 2398 ’¹‘
1168 2376 1340 2413 habitum

281 2439 348 2469 est.
379 2430 584 2468 Obiectum
613 2438 742 2467 autem
771 2430 917 2478 peccati
937 2437 993 2466 est
1017 2430 1109 2466 illud
1137 2430 1285 2466 bonum
1305 2429 1343 2465 in

281 2484 387 2533 quod
422 2484 542 2521 tendit
575 2483 809 2520 inordinatus
842 2483 1040 2532 appetitus.
1076 2484 1124 2519 Et
1157 2483 1244 2519 ideo
1278 2483 1343 2519 ubi

282 2545 337 2574 est
356 2537 526 2586 specialis
555 2537 648 2574 ratio
669 2537 760 2573 boni
780 2537 883 2584 quod
903 2536 1114 2572 inordinate
1143 2536 1342 2584 appetitur,

335 2651 363 2682 α)
378 2651 562 2684 philargyria.
579 2664 599 2670 —
612 2651 784 2684 philargyris
802 2651 998 2683 ABCDEFKpl.

335 2685 360 2719 β)
381 2686 432 2711 ubi.
449 2699 469 2705 —
487 2689 517 2711 ut
535 2686 688 2715 CDGHILa,
708 2686 778 2711 unde
795 2687 848 2711 PK.
865 2700 884 2705 -
901 2687 951 2710 Pro
969 2686 1147 2717 concupisces,
1171 2686 1341 2717 concupiscas

281 2721 508 2746 ABCEFGHIKL.

335 2758 361 2790 γ)
377 2757 504 2788 primam.
523 2771 541 2775 -
556 2756 717 2787 primariam
736 2756 782 2780 Pa.

1392 1320 1426 1349 et
1446 1325 1587 1349 nomen
1607 1315 1790 1352 avaritiae
1809 1316 2031 1364 ampliatum
2052 1326 2107 1355 est
2125 1319 2173 1355 ad
2203 1332 2359 1358 omnem
2378 1322 2448 1358 im-

1391 1365 1632 1403 moderatum
1643 1368 1851 1415 appetitum
1866 1370 2032 1407 habendi
2047 1384 2332 1423 quamcumque
2348 1387 2446 1420 rem;

1392 1418 1486 1455 sicut
1505 1419 1711 1467 Gregorius
1739 1421 1838 1467 dicit,
1858 1422 1896 1458 in
1925 1424 2090 1471 quadam
2109 1426 2265 1463 homilia
2283 1427 2314 1474 *,
2343 1429 2447 1477 quod

1364 1497 1365 1511 2
1391 1472 1553 1509 avaritia
1581 1479 1634 1509 est
1660 1486 1733 1510 non
1752 1474 1873 1510 solum
1896 1477 2091 1523 pecuniae,
2110 1479 2176 1515 sed
2192 1481 2302 1516 etiam
2330 1482 2446 1518 scien-

1392 1525 1465 1561 tiae
1491 1530 1527 1560 et
1543 1525 1756 1571 altitudinis,
1777 1539 1862 1564 cum
1889 1540 2004 1577 supra
2029 1531 2182 1568 modum
2202 1530 2215 1554 δ
2242 1534 2448 1571 sublimitas

1392 1578 1566 1614 ambitur.
1597 1579 1646 1614 Et
1673 1581 1884 1616 secundum
1912 1582 1997 1628 hoc,
2027 1585 2181 1621 avaritia
2198 1598 2286 1622 non
2320 1595 2417 1623 esset
2435 1593 2447 1608 ⁵

1393 1639 1591 1679 peccatum
1620 1632 1792 1680 speciale.
1824 1634 1872 1669 Et
1898 1635 1972 1671 hoc
2001 1636 2113 1672 etiam
2143 1640 2260 1675 modo
2285 1640 2450 1688 loquitur

1365 1687 1367 1730 ξ
1393 1684 1624 1732 Augustinus
1663 1685 1709 1721 de
1738 1686 1894 1723 avaritia
1921 1687 1958 1723 in
1991 1690 2209 1727 auctoritate
2242 1692 2394 1730 inducta
2416 1693 2447 1730 *.

1366 1749 1367 1765 l

1366 1791 1368 1806 I

1446 1738 1557 1775 Unde
1585 1745 1688 1786 patet
1715 1740 1910 1787 responsio
1939 1742 1986 1777 ad
2016 1742 2192 1790 primurn.

1447 1793 1506 1827 An
1523 1803 1712 1828 SECUNDUM
1727 1804 1911 1830 DICENDUM
1931 1796 2034 1842 quod
2055 1808 2190 1833 omnes
2213 1809 2272 1834 res
2292 1799 2449 1835 exterio-

1394 1857 1454 1881 res
1474 1856 1572 1892 quae
1590 1844 1749 1881 veniunt
1768 1845 1806 1882 in
1824 1858 1938 1882 usum
1957 1848 2147 1886 humanae
2165 1850 2277 1898 vitae,
2294 1852 2451 1888 nomine

278 1896 410 1934 hibere
439 1898 786 1946 concupiscentiam
819 1898 1016 1945 avaritiae,
1045 1898 1110 1934 ubi
1138 1896 1152 1927 β
1190 1897 1340 1944 dicitur,

1388 1898 1573 1946 pecuniae
1586 1897 1839 1945 intelliguntur
1861 1899 2082 1948 inquantum
2105 1903 2246 1940 habent
2265 1905 2450 1942 rationem

1367 1987 1368 2000 ¹
1394 1951 1485 1988 boni
1513 1951 1623 1988 utilis.
1654 1952 1749 1988 Sunt
1777 1959 1902 1989 autem
1929 1955 2118 2001 quaedam
2138 1956 2322 1994 exteriora
2349 1959 2451 1995 bona

279 2004 382 2052 Ergo
413 2005 717 2054 concupiscentia
745 2005 923 2043 avaritiae
952 2011 1008 2041 est
1036 2016 1152 2042 omne
1181 2005 1339 2042 malum.
1367 2001 1368 2035 3

1395 2016 1492 2053 quae
1520 2012 1645 2053 potest
1678 2004 1810 2053 aliquis
1842 2006 2004 2054 pecunia
2032 2009 2230 2057 consequi,
2261 2010 2356 2047 sicut
2382 2024 2451 2048 vo-

1366 2062 1368 2094 }
1394 2058 1554 2106 luptates
1583 2065 1619 2094 et
1646 2058 1812 2094 honores
1842 2067 1878 2095 et
1905 2059 1976 2096 alia
2004 2061 2233 2110 huiusmodi,
2258 2076 2356 2112 quae
2383 2065 2450 2101 ha-

335 2111 409 2148 SED
438 2123 585 2150 CONTRA
612 2123 679 2148 EST
705 2111 810 2160 quod
837 2113 949 2148 Rom.
971 2123 994 2158 1,
1023 2110 1178 2148 avaritia
1198 2122 1342 2147 connu-
1366 2109 1368 2150 i

1394 2111 1485 2147 bent
1512 2111 1623 2147 aliam
1653 2111 1838 2148 rationem
1868 2113 2155 2161 appetibilitatis.
2185 2117 2233 2152 Et
2260 2117 2346 2153 ideo
2371 2118 2451 2154 illo-

1395 2176 1480 2201 rum
1516 2165 1702 2213 appetitus
1731 2177 1809 2201 non
1843 2166 1994 2214 proprie
2024 2167 2157 2204 dicitur
2190 2170 2359 2217 avaritia,
2395 2182 2451 2207 se-

1367 2231 1368 2272 }
1396 2217 1565 2254 cundum
1593 2218 1699 2265 quod
1728 2226 1782 2254 est
1809 2218 1943 2255 vitium
1973 2220 2146 2268 speciale.

1448 2272 1506 2307 AD
1535 2282 1693 2307 TERTmM
1721 2283 1905 2308 chENDuM
1934 2273 2038 2320 quod
2065 2275 2189 2320 glossa
2208 2275 2269 2311 illa
2287 2276 2451 2324 loquitur

1396 2323 1443 2360 de
1484 2324 1788 2372 concupiscentia
1824 2324 2035 2363 inordinata
2076 2327 2347 2377 cuiuscumque
2385 2329 2449 2366 rei.

1396 2378 1525 2413 Potest
1545 2377 1644 2413 enim
1666 2377 1815 2425 intelligi
1840 2379 1943 2427 quod
1963 2392 2031 2427 per
2049 2381 2341 2427 prohibitionem
2363 2395 2451 2419 con-

1397 2430 1649 2478 cupiscentiae
1670 2443 1795 2467 rerum
1814 2443 2077 2478 possessarum
2097 2434 2340 2481 prohibeatur
2359 2448 2450 2484 qua-

1397 2495 1649 2532 rumcumque
1679 2496 1803 2520 rerum
1826 2485 2129 2534 concupiscentia
2149 2486 2160 2511 t
2189 2500 2286 2536 quae
2306 2500 2374 2537 per
2392 2501 2450 2525 res

1397 2549 1591 2584 possessas
1621 2537 1762 2585 acquiri
1790 2546 1959 2585 possunt.

1449 2649 1473 2683 δ)
1493 2651 1609 2676 modum.
1628 2666 1647 2670 -
1666 2652 1782 2676 debitum
1802 2653 1870 2676 addit
1889 2652 1918 2677 P.

1448 2687 1470 2718 ε)
1489 2690 1563 2711 esset.
1580 2700 1600 2707 -
1617 2691 1657 2712 est
1679 2687 1819 2719 PGHLpC.

1445 2722 1470 2754 ζ)
1477 2722 1681 2753 prohibeatur...
1692 2723 1910 2754 concupiscentia.
1919 2736 1938 2742 —
1942 2722 2164 2754 prohibeantur...
2178 2724 2405 2755 concupiscentiae
2415 2725 2450 2754 P;

1395 2765 1443 2789 pro
1462 2758 1572 2789 acquiri,
1593 2757 1685 2782 haberi
1702 2758 1749 2782 Pa.

953 2835 1284 2868 commentante»
1306 2835 1556 2869 Oardjnalis
1578 2837 1778 2870 Caietam

312 2924 334 2947 N
358 2914 489 2946 articulo
513 2913 653 2944 secundo
677 2914 738 2943 hoc
762 2914 868 2944 solum
887 2915 1065 2945 notandum
1088 2915 1234 2951 occurrit,
1251 2915 1339 2955 quod
1363 2912 1367 2952 1
1391 2923 1426 2947 ut
1449 2916 1603 2956 intelligas
1620 2916 1653 2946 id
1669 2917 1757 2956 quod
1770 2926 1826 2956 per
1840 2926 1873 2946 se
1890 2923 1936 2947 est
1952 2917 1989 2946 de
2004 2926 2117 2956 genere
2133 2917 2293 2947 bonorum
2312 2917 2449 2954 utilium,

313 2959 444 2991 nomine
468 2957 631 2998 pecuniae,
656 2964 691 2987 ut
715 2964 760 2988 est
783 2958 912 2988 materia
935 2958 1090 2995 avaritiae,
1107 2969 1173 2989 non
1191 2959 1339 2998 intelligi-

282 3010 334 3034 tur
361 3002 517 3043 quidquid
548 3009 594 3032 est
622 3001 757 3042 pecunia
787 3002 1014 3042 comparabile:
1048 3003 1102 3032 sed
1132 3003 1338 3033 solummodo

283 3047 439 3088 quidquid
462 3047 556 3076 habet
578 3046 732 3076 rationem
755 3046 832 3076 boni
855 3046 951 3076 utilis.
984 3047 1029 3078 lta
1051 3047 1155 3087 quod,
1189 3057 1263 3078 cum
1285 3057 1339 3087 pe-

283 3092 376 3122 cunia
399 3101 435 3122 ex
458 3101 515 3121 sua
538 3090 658 3120 ratione
680 3091 793 3121 habeat
815 3090 969 3120 rationem
992 3091 1068 3121 boni
1091 3091 1175 3121 utilis
1199 3098 1235 3122 ut
1256 3092 1340 3131 prin-

282 3136 382 3176 cipale
405 3135 454 3165 sui
481 3134 617 3174 generis,
642 3135 758 3165 scilicet
787 3135 863 3164 boni
887 3135 988 3171 utilis,
1021 3135 1151 3174 ponitur
1179 3136 1340 3166 obiectum

283 3180 445 3216 avaritiae,
471 3179 588 3210 ducens
608 3189 716 3209 secum
739 3186 843 3210 totum
867 3189 963 3209 suum
985 3189 1094 3218 genus.
1125 3179 1210 3210 Cum
1234 3187 1340 3210 autem

284 3224 374 3254 audis
395 3223 478 3254 avari
500 3223 659 3253 obiectum
683 3233 749 3253 esse
774 3223 896 3253 bonum
920 3223 996 3254 utile
1019 3230 1153 3260 tantum,
1179 3231 1340 3255 memento

428 3539 536 3562 SUMMAE
555 3538 654 3562 Timor..
675 3538 705 3562 D.
719 3538 831 3562 Tuomst
851 3538 883 3563 T.
902 3538 943 3562 VI.

1392 2967 1428 2990 ut
1451 2967 1524 2990 sunt
1544 2960 1618 2999 agri.
1641 2960 1744 2996 ovilia,
1769 2967 1909 2991 armenta
1932 2967 1963 2991 et
1984 2961 2179 2992 huiusmodi.
2209 2962 2371 2999 Quoniam
2395 2972 2451 3002 per

1393 3004 1535 3035 accidens
1559 3005 1654 3034 etiam
1678 3005 1780 3034 honor
1796 3012 1826 3035 et
1847 3005 1994 3045 voluptas
2010 3012 2144 3045 possunt
2169 3012 2306 3045 spectare
2329 3006 2368 3036 ad
2393 3006 2450 3036 uti-

1392 3049 1448 3078 lia:
1466 3048 1582 3079 scilicet
1606 3058 1642 3078 ex
1660 3048 1835 3079 intentione
1851 3049 1982 3079 alicuius
1998 3049 2173 3090 appetentis
2196 3049 2272 3080 haec
2292 3061 2357 3081 non
2381 3060 2451 3090 pro-

1393 3099 1462 3132 pter
1484 3103 1526 3128 se,
1544 3093 1598 3122 sed
1622 3099 1750 3132 propter
1772 3092 1907 3123 lucrum.
1941 3093 2072 3124 Obiecta
2089 3103 2227 3134 namque
2251 3101 2281 3124 et
2303 3095 2450 3125 materiae

1393 3137 1547 3167 virtutum
1570 3143 1600 3166 et
1622 3136 1774 3167 vitiorum
1797 3146 1892 3176 penes
1916 3147 1952 3167 ea
1975 3148 2056 3178 quae
2079 3148 2134 3177 per
2157 3148 2189 3168 se
2212 3138 2320 3169 insunt
2343 3138 2449 3169 distin-

1394 3187 1549 3220 guuntur,
1575 3187 1604 3211 et
1628 3191 1693 3211 non
1716 3190 1813 3220 penes
1836 3191 1872 3211 ea
1895 3192 1975 3222 quae
1999 3188 2073 3212 sunt
2088 3192 2143 3222 per
2166 3182 2318 3213 accidens.

2275 3539 2307 3564 58

2472 958 2482 967 ⁸
2496 957 2533 979 cf.
2546 963 2593 985 arg.
2607 963 2628 978 2.

2474 1275 2484 1285 ⁸
2499 1274 2554 1301 cap.
2568 1281 2610 1296 ιιι.
2620 1286 2631 1290 -
2644 1275 2683 1296 ΑΙ.

2473 1300 2682 1328 Ροείρναεάὶεαηι.,

2473 1333 2523 1355 cap.
2536 1328 2577 1349 ult.

2475 1433 2482 1440 ”
2498 1432 2586 1454 Homil.
2595 1432 2649 1453 XVI
2660 1432 2684 1453 in

2474 1457 2566 1487 Evang.

2477 1700 2484 1707 ·
2499 1699 2556 1726 Arg.
2571 1704 2588 1719 1.
