<?xml version="1.0" encoding="UTF-8"?>
<!DOCTYPE html PUBLIC "-//W3C//DTD XHTML 1.0 Transitional//EN"
    "http://www.w3.org/TR/xhtml1/DTD/xhtml1-transitional.dtd">
<html xmlns="http://www.w3.org/1999/xhtml" xml:lang="en" lang="en">
 <head>
  <title>
</title>
<meta http-equiv="Content-Type" content="text/html;charset=utf-8" />
  <meta name='ocr-system' content='tesseract 3.04.00' />
  <meta name='ocr-capabilities' content='ocr_page ocr_carea ocr_par ocr_line ocrx_word'/>
</head>
<body>
  <div class='ocr_page' id='page_1' title='image "./operaomniaiussui09thom/operaomniaiussui09thom_0133.png"; bbox 0 0 2860 4244; ppageno 0'>
   <div class='ocr_carea' id='block_1_1' title="bbox 125 622 343 683">
    <p class='ocr_par' dir='ltr' id='par_1_1' title="bbox 125 622 343 683">
     <span class='ocr_line' id='line_1_1' title="bbox 126 622 334 650; baseline -0.005 -6"><span class='ocrx_word' id='word_1_1' title='bbox 126 622 178 644; x_wconf 63' lang='grc' dir='ltr'><strong>Ἐξ.</strong></span> <span class='ocrx_word' id='word_1_2' title='bbox 184 622 222 643; x_wconf 89' lang='lat' dir='ltr'><strong>cit.</strong></span> <span class='ocrx_word' id='word_1_3' title='bbox 229 628 267 650; x_wconf 85' lang='lat' dir='ltr'><strong>qu.</strong></span> <span class='ocrx_word' id='word_1_4' title='bbox 272 628 334 649; x_wconf 73' lang='lat' dir='ltr'><strong>mv,</strong></span> 
     </span>
     <span class='ocr_line' id='line_1_2' title="bbox 125 648 343 683; baseline -0.005 -12"><span class='ocrx_word' id='word_1_5' title='bbox 125 652 167 671; x_wconf 75' lang='lat' dir='ltr'><strong>nrt.</strong></span> <span class='ocrx_word' id='word_1_6' title='bbox 174 648 255 683; x_wconf 69' lang='lat'>⁶1⁰0‘·</span> <span class='ocrx_word' id='word_1_7' title='bbox 265 649 289 673; x_wconf 81' lang='grc' dir='ltr'><strong>δ.</strong></span> <span class='ocrx_word' id='word_1_8' title='bbox 341 648 343 651; x_wconf 82' lang='grc'>’</span> 
     </span>
    </p>
   </div>
   <div class='ocr_carea' id='block_1_2' title="bbox 113 2497 309 2527">
    <p class='ocr_par' dir='ltr' id='par_1_2' title="bbox 113 2497 309 2527">
     <span class='ocr_line' id='line_1_3' title="bbox 113 2497 309 2527; baseline -0.005 -7"><span class='ocrx_word' id='word_1_9' title='bbox 113 2497 200 2521; x_wconf 73' lang='lat' dir='ltr'><strong>’Vei-s.</strong></span> <span class='ocrx_word' id='word_1_10' title='bbox 214 2503 243 2526; x_wconf 76' lang='lat'><strong>⁴⁵</strong></span> <span class='ocrx_word' id='word_1_11' title='bbox 256 2504 309 2527; x_wconf 72' lang='lat' dir='ltr'><strong>sqq.</strong></span> 
     </span>
    </p>
   </div>
   <div class='ocr_carea' id='block_1_3' title="bbox 209 2605 226 2631">
    <p class='ocr_par' dir='ltr' id='par_1_3' title="bbox 209 2605 226 2631">
     <span class='ocr_line' id='line_1_4' title="bbox 209 2605 226 2631; baseline 0 0"><span class='ocrx_word' id='word_1_12' title='bbox 209 2605 226 2631; x_wconf 76' lang='grc' dir='ltr'>Υ</span> 
     </span>
    </p>
   </div>
   <div class='ocr_carea' id='block_1_4' title="bbox 114 2650 323 2702">
    <p class='ocr_par' dir='ltr' id='par_1_4' title="bbox 114 2650 323 2702">
     <span class='ocr_line' id='line_1_5' title="bbox 114 2650 323 2675; baseline -0.014 1"><span class='ocrx_word' id='word_1_13' title='bbox 114 2653 124 2664; x_wconf 82' lang='grc'><em>·</em></span> <span class='ocrx_word' id='word_1_14' title='bbox 144 2652 269 2675; x_wconf 69' lang='lat' dir='ltr'><strong>Commeat.</strong></span> <span class='ocrx_word' id='word_1_15' title='bbox 295 2650 323 2673; x_wconf 75' lang='lat' dir='ltr'><strong>ad</strong></span> 
     </span>
     <span class='ocr_line' id='line_1_6' title="bbox 115 2684 209 2702; baseline -0.011 0"><span class='ocrx_word' id='word_1_16' title='bbox 115 2685 175 2702; x_wconf 76' lang='lat' dir='ltr'><strong>vere.</strong></span> <span class='ocrx_word' id='word_1_17' title='bbox 188 2684 209 2701; x_wconf 78' lang='lat'><strong>2.</strong></span> 
     </span>
    </p>
   </div>
   <div class='ocr_carea' id='block_1_5' title="bbox 114 2975 324 3054">
    <p class='ocr_par' dir='ltr' id='par_1_5' title="bbox 114 2975 324 3054">
     <span class='ocr_line' id='line_1_7' title="bbox 114 2975 324 3054; baseline -0.01 -30"><span class='ocrx_word' id='word_1_18' title='bbox 114 2975 194 3024; x_wconf 54' lang='lat'><strong>391¹&amp;</strong></span> <span class='ocrx_word' id='word_1_19' title='bbox 203 2980 303 3054; x_wconf 55' lang='grc' dir='ltr'><strong>ἷξειῗιῖῑ</strong></span> <span class='ocrx_word' id='word_1_20' title='bbox 314 2985 324 2990; x_wconf 90' lang='grc'><em>·</em></span> 
     </span>
    </p>
   </div>
   <div class='ocr_carea' id='block_1_6' title="bbox 115 3086 326 3114">
    <p class='ocr_par' dir='ltr' id='par_1_6' title="bbox 115 3086 326 3114">
     <span class='ocr_line' id='line_1_8' title="bbox 115 3086 326 3114; baseline -0.009 -6"><span class='ocrx_word' id='word_1_21' title='bbox 115 3086 296 3114; x_wconf 76' lang='lat' dir='ltr'><strong>’Qu.t.vm‚1rt.</strong></span> <span class='ocrx_word' id='word_1_22' title='bbox 305 3091 326 3107; x_wconf 88' lang='lat'><strong>2.</strong></span> 
     </span>
    </p>
   </div>
   <div class='ocr_carea' id='block_1_7' title="bbox 0 1390 42 3416">
    <p class='ocr_par' dir='ltr' id='par_1_7' title="bbox 0 1390 42 3416">
     <span class='ocr_line' id='line_1_9' title="bbox 0 1390 42 3416; baseline 0 0"><span class='ocrx_word' id='word_1_23' title='bbox 0 1390 42 3416; x_wconf 95' lang='lat' dir='ltr'><strong> </strong></span> 
     </span>
    </p>
   </div>
   <div class='ocr_carea' id='block_1_8' title="bbox 4 3659 19 3783">
    <p class='ocr_par' dir='ltr' id='par_1_8' title="bbox 4 3659 19 3783">
     <span class='ocr_line' id='line_1_10' title="bbox 4 3659 18 3717; baseline 0 0"><span class='ocrx_word' id='word_1_24' title='bbox 4 3659 18 3717; x_wconf 64' lang='grc' dir='ltr'><strong>’ἐ</strong></span> 
     </span>
     <span class='ocr_line' id='line_1_11' title="bbox 7 3715 19 3744; baseline 0 -13"><span class='ocrx_word' id='word_1_25' title='bbox 7 3715 19 3744; x_wconf 57' lang='lat' dir='ltr'><strong>f}</strong></span> 
     </span>
     <span class='ocr_line' id='line_1_12' title="bbox 6 3757 17 3783; baseline 0 0"><span class='ocrx_word' id='word_1_26' title='bbox 6 3757 17 3783; x_wconf 64' lang='lat'><strong>2¹</strong></span> 
     </span>
    </p>
   </div>
   <div class='ocr_carea' id='block_1_9' title="bbox 1023 239 1875 288">
    <p class='ocr_par' dir='ltr' id='par_1_9' title="bbox 1023 239 1875 288">
     <span class='ocr_line' id='line_1_13' title="bbox 1023 239 1875 288; baseline 0.001 -12"><span class='ocrx_word' id='word_1_27' title='bbox 1023 239 1288 285; x_wconf 88' lang='lat' dir='ltr'><strong>QUAESTIO</strong></span> <span class='ocrx_word' id='word_1_28' title='bbox 1318 240 1472 288; x_wconf 89' lang='lat' dir='ltr'>LXVII,</span> <span class='ocrx_word' id='word_1_29' title='bbox 1501 241 1796 279; x_wconf 90' lang='lat' dir='ltr'><strong>ARTlCULUS</strong></span> <span class='ocrx_word' id='word_1_30' title='bbox 1826 242 1875 278; x_wconf 93' lang='lat' dir='ltr'><strong>Ill</strong></span> 
     </span>
    </p>
   </div>
   <div class='ocr_carea' id='block_1_10' title="bbox 364 317 1421 360">
    <p class='ocr_par' dir='ltr' id='par_1_10' title="bbox 364 317 1421 360">
     <span class='ocr_line' id='line_1_14' title="bbox 364 317 1421 360; baseline 0 -11"><span class='ocrx_word' id='word_1_31' title='bbox 364 319 455 350; x_wconf 89' lang='lat' dir='ltr'><strong>iuris:</strong></span> <span class='ocrx_word' id='word_1_32' title='bbox 491 325 522 349; x_wconf 91' lang='lat' dir='ltr'><strong>et</strong></span> <span class='ocrx_word' id='word_1_33' title='bbox 544 325 710 360; x_wconf 84' lang='lat' dir='ltr'><strong>propterea</strong></span> <span class='ocrx_word' id='word_1_34' title='bbox 739 328 804 348; x_wconf 91' lang='lat' dir='ltr'><strong>non</strong></span> <span class='ocrx_word' id='word_1_35' title='bbox 827 317 957 348; x_wconf 87' lang='lat' dir='ltr'>incurrit</span> <span class='ocrx_word' id='word_1_36' title='bbox 979 324 1102 348; x_wconf 83' lang='lat' dir='ltr'><strong>reatum</strong></span> <span class='ocrx_word' id='word_1_37' title='bbox 1129 318 1274 357; x_wconf 85' lang='lat' dir='ltr'><strong>sequelae</strong></span> <span class='ocrx_word' id='word_1_38' title='bbox 1298 328 1421 349; x_wconf 90' lang='lat' dir='ltr'><strong>eorum.</strong></span> 
     </span>
    </p>
   </div>
   <div class='ocr_carea' id='block_1_11' title="bbox 2462 253 2526 277">
    <p class='ocr_par' dir='ltr' id='par_1_11' title="bbox 2462 253 2526 277">
     <span class='ocr_line' id='line_1_15' title="bbox 2462 253 2526 277; baseline 0 0"><span class='ocrx_word' id='word_1_39' title='bbox 2462 253 2526 277; x_wconf 86' lang='lat'><strong>101</strong></span> 
     </span>
    </p>
   </div>
   <div class='ocr_carea' id='block_1_12' title="bbox 1477 319 2531 359">
    <p class='ocr_par' dir='ltr' id='par_1_12' title="bbox 1477 319 2531 359">
     <span class='ocr_line' id='line_1_16' title="bbox 1477 319 2531 359; baseline 0 -10"><span class='ocrx_word' id='word_1_40' title='bbox 1477 328 1564 355; x_wconf 90' lang='lat' dir='ltr'><strong>nem;</strong></span> <span class='ocrx_word' id='word_1_41' title='bbox 1595 319 1645 349; x_wconf 88' lang='lat' dir='ltr'><strong>vel</strong></span> <span class='ocrx_word' id='word_1_42' title='bbox 1667 319 1711 350; x_wconf 87' lang='lat' dir='ltr'><strong>ita</strong></span> <span class='ocrx_word' id='word_1_43' title='bbox 1734 319 1965 359; x_wconf 87' lang='lat' dir='ltr'><strong>praeveniendo</strong></span> <span class='ocrx_word' id='word_1_44' title='bbox 1989 320 2110 359; x_wconf 89' lang='lat' dir='ltr'><strong>operari</strong></span> <span class='ocrx_word' id='word_1_45' title='bbox 2142 327 2177 350; x_wconf 93' lang='lat' dir='ltr'><strong>ut</strong></span> <span class='ocrx_word' id='word_1_46' title='bbox 2200 329 2265 349; x_wconf 91' lang='lat' dir='ltr'><strong>non</strong></span> <span class='ocrx_word' id='word_1_47' title='bbox 2289 319 2477 358; x_wconf 88' lang='lat' dir='ltr'>procedatur</span> <span class='ocrx_word' id='word_1_48' title='bbox 2500 319 2531 349; x_wconf 90' lang='lat' dir='ltr'><strong>in</strong></span> 
     </span>
    </p>
   </div>
   <div class='ocr_carea' id='block_1_13' title="bbox 363 361 2132 404">
    <p class='ocr_par' dir='ltr' id='par_1_13' title="bbox 363 361 2132 404">
     <span class='ocr_line' id='line_1_17' title="bbox 363 361 2132 404; baseline 0 -10"><span class='ocrx_word' id='word_1_49' title='bbox 363 363 429 394; x_wconf 88' lang='lat' dir='ltr'><strong>Nec</strong></span> <span class='ocrx_word' id='word_1_50' title='bbox 452 372 508 402; x_wconf 90' lang='lat' dir='ltr'><strong>per</strong></span> <span class='ocrx_word' id='word_1_51' title='bbox 530 362 637 403; x_wconf 89' lang='lat' dir='ltr'><strong>ipsum</strong></span> <span class='ocrx_word' id='word_1_52' title='bbox 659 362 744 393; x_wconf 89' lang='lat' dir='ltr'><strong>venit</strong></span> <span class='ocrx_word' id='word_1_53' title='bbox 767 361 965 392; x_wconf 87' lang='lat' dir='ltr'><strong>scandalum:</strong></span> <span class='ocrx_word' id='word_1_54' title='bbox 990 361 1044 391; x_wconf 89' lang='lat' dir='ltr'><strong>sed</strong></span> <span class='ocrx_word' id='word_1_55' title='bbox 1067 371 1124 401; x_wconf 89' lang='lat' dir='ltr'><strong>per</strong></span> <span class='ocrx_word' id='word_1_56' title='bbox 1144 361 1216 391; x_wconf 86' lang='lat' dir='ltr'><strong>illos</strong></span> <span class='ocrx_word' id='word_1_57' title='bbox 1239 369 1341 398; x_wconf 90' lang='lat' dir='ltr'><strong>testes,</strong></span> <span class='ocrx_word' id='word_1_58' title='bbox 1365 362 1422 403; x_wconf 93' lang='lat' dir='ltr'><strong>qui</strong></span> <span class='ocrx_word' id='word_1_59' title='bbox 1476 372 1583 399; x_wconf 81' lang='lat' dir='ltr'><strong>causa;</strong></span> <span class='ocrx_word' id='word_1_60' title='bbox 1607 363 1696 404; x_wconf 91' lang='lat' dir='ltr'><strong>quod</strong></span> <span class='ocrx_word' id='word_1_61' title='bbox 1718 363 1827 394; x_wconf 89' lang='lat' dir='ltr'><strong>multis</strong></span> <span class='ocrx_word' id='word_1_62' title='bbox 1850 370 1955 404; x_wconf 89' lang='lat' dir='ltr'><strong>potest</strong></span> <span class='ocrx_word' id='word_1_63' title='bbox 1977 363 2034 393; x_wconf 88' lang='lat' dir='ltr'><strong>viis</strong></span> <span class='ocrx_word' id='word_1_64' title='bbox 2057 362 2132 394; x_wconf 88' lang='lat' dir='ltr'><strong>fieri.</strong></span> 
     </span>
    </p>
   </div>
   <div class='ocr_carea' id='block_1_14' title="bbox 363 405 954 437">
    <p class='ocr_par' dir='ltr' id='par_1_14' title="bbox 363 405 954 437">
     <span class='ocr_line' id='line_1_18' title="bbox 363 405 954 437; baseline -0.003 0"><span class='ocrx_word' id='word_1_65' title='bbox 363 407 538 437; x_wconf 89' lang='lat' dir='ltr'><strong>abutuntur</strong></span> <span class='ocrx_word' id='word_1_66' title='bbox 560 406 627 437; x_wconf 91' lang='lat' dir='ltr'><strong>iure</strong></span> <span class='ocrx_word' id='word_1_67' title='bbox 651 413 681 437; x_wconf 91' lang='lat' dir='ltr'><strong>et</strong></span> <span class='ocrx_word' id='word_1_68' title='bbox 703 405 814 436; x_wconf 90' lang='lat' dir='ltr'><strong>iudicis</strong></span> <span class='ocrx_word' id='word_1_69' title='bbox 838 405 954 436; x_wconf 88' lang='lat' dir='ltr'><strong>officio.</strong></span> 
     </span>
    </p>
   </div>
   <div class='ocr_carea' id='block_1_15' title="bbox 1529 406 2531 438">
    <p class='ocr_par' dir='ltr' id='par_1_15' title="bbox 1529 406 2531 438">
     <span class='ocr_line' id='line_1_19' title="bbox 1529 406 2531 438; baseline -0.001 -1"><span class='ocrx_word' id='word_1_70' title='bbox 1529 407 1582 438; x_wconf 90' lang='lat' dir='ltr'><strong>VI.</strong></span> <span class='ocrx_word' id='word_1_71' title='bbox 1607 407 1655 437; x_wconf 94' lang='lat' dir='ltr'><strong>De</strong></span> <span class='ocrx_word' id='word_1_72' title='bbox 1677 406 1822 437; x_wconf 89' lang='lat' dir='ltr'><strong>ministro</strong></span> <span class='ocrx_word' id='word_1_73' title='bbox 1845 414 1951 438; x_wconf 90' lang='lat' dir='ltr'><strong>autem</strong></span> <span class='ocrx_word' id='word_1_74' title='bbox 1974 406 2085 438; x_wconf 86' lang='lat' dir='ltr'><strong>iudicis</strong></span> <span class='ocrx_word' id='word_1_75' title='bbox 2115 407 2230 438; x_wconf 87' lang='lat' dir='ltr'>sciente</span> <span class='ocrx_word' id='word_1_76' title='bbox 2254 406 2441 437; x_wconf 88' lang='lat' dir='ltr'><strong>sententiam</strong></span> <span class='ocrx_word' id='word_1_77' title='bbox 2465 416 2531 436; x_wconf 89' lang='lat' dir='ltr'><strong>esse</strong></span> 
     </span>
    </p>
   </div>
   <div class='ocr_carea' id='block_1_16' title="bbox 418 448 2769 492">
    <p class='ocr_par' dir='ltr' id='par_1_16' title="bbox 418 448 2769 492">
     <span class='ocr_line' id='line_1_20' title="bbox 418 448 2769 492; baseline -0 -11"><span class='ocrx_word' id='word_1_78' title='bbox 418 450 468 481; x_wconf 88' lang='lat' dir='ltr'><strong>Ad</strong></span> <span class='ocrx_word' id='word_1_79' title='bbox 493 460 528 481; x_wconf 86' lang='lat' dir='ltr'><strong>ea</strong></span> <span class='ocrx_word' id='word_1_80' title='bbox 552 457 659 481; x_wconf 86' lang='lat' dir='ltr'><strong>autem</strong></span> <span class='ocrx_word' id='word_1_81' title='bbox 681 459 762 490; x_wconf 81' lang='lat' dir='ltr'><strong>quae</strong></span> <span class='ocrx_word' id='word_1_82' title='bbox 779 449 972 480; x_wconf 89' lang='lat' dir='ltr'><strong>obiiciuntur</strong></span> <span class='ocrx_word' id='word_1_83' title='bbox 994 448 1107 479; x_wconf 86' lang='lat' dir='ltr'><strong>deinde</strong></span> <span class='ocrx_word' id='word_1_84' title='bbox 1123 455 1231 479; x_wconf 86' lang='lat' dir='ltr'><strong>contra</strong></span> <span class='ocrx_word' id='word_1_85' title='bbox 1245 449 1420 480; x_wconf 90' lang='lat' dir='ltr'><strong>remedium</strong></span> <span class='ocrx_word' id='word_1_86' title='bbox 1474 449 1617 491; x_wconf 81' lang='lat' dir='ltr'><strong>iniquam</strong></span> <span class='ocrx_word' id='word_1_87' title='bbox 1628 450 1655 486; x_wconf 83' lang='grc'><strong>*,</strong></span> <span class='ocrx_word' id='word_1_88' title='bbox 1680 451 1850 481; x_wconf 89' lang='lat' dir='ltr'><strong>dicendum</strong></span> <span class='ocrx_word' id='word_1_89' title='bbox 1869 458 1916 482; x_wconf 90' lang='lat' dir='ltr'><strong>est</strong></span> <span class='ocrx_word' id='word_1_90' title='bbox 1930 451 2018 492; x_wconf 92' lang='lat' dir='ltr'><strong>quod</strong></span> <span class='ocrx_word' id='word_1_91' title='bbox 2042 451 2134 482; x_wconf 91' lang='lat' dir='ltr'><strong>debet</strong></span> <span class='ocrx_word' id='word_1_92' title='bbox 2156 450 2209 482; x_wconf 85' lang='lat' dir='ltr'><strong>tali</strong></span> <span class='ocrx_word' id='word_1_93' title='bbox 2233 450 2279 481; x_wconf 92' lang='lat' dir='ltr'><strong>uti</strong></span> <span class='ocrx_word' id='word_1_94' title='bbox 2302 450 2481 481; x_wconf 82' lang='lat' dir='ltr'>dexteritate</span> <span class='ocrx_word' id='word_1_95' title='bbox 2498 458 2532 481; x_wconf 94' lang='lat' dir='ltr'><strong>ut</strong></span> <span class='ocrx_word' id='word_1_96' title='bbox 2560 455 2614 477; x_wconf 67' lang='lat' dir='ltr'><strong>’Cfl</strong></span> <span class='ocrx_word' id='word_1_97' title='bbox 2628 455 2685 478; x_wconf 83' lang='lat' dir='ltr'><strong>ibid.</strong></span> <span class='ocrx_word' id='word_1_98' title='bbox 2698 456 2769 478; x_wconf 87' lang='lat' dir='ltr'><strong>Com-</strong></span> 
     </span>
    </p>
   </div>
   <div class='ocr_carea' id='block_1_17' title="bbox 357 492 1422 1237">
    <p class='ocr_par' dir='ltr' id='par_1_17' title="bbox 357 492 1422 1237">
     <span class='ocr_line' id='line_1_21' title="bbox 363 492 1422 533; baseline 0 -9"><span class='ocrx_word' id='word_1_99' title='bbox 363 494 402 524; x_wconf 90' lang='lat' dir='ltr'><strong>de</strong></span> <span class='ocrx_word' id='word_1_100' title='bbox 425 494 614 525; x_wconf 89' lang='lat' dir='ltr'><strong>remittendo</strong></span> <span class='ocrx_word' id='word_1_101' title='bbox 637 494 677 524; x_wconf 75' lang='lat' dir='ltr'><strong>ad</strong></span> <span class='ocrx_word' id='word_1_102' title='bbox 694 493 899 533; x_wconf 88' lang='lat' dir='ltr'><strong>superiorem,</strong></span> <span class='ocrx_word' id='word_1_103' title='bbox 918 492 1032 523; x_wconf 86' lang='lat' dir='ltr'><strong>dicitur</strong></span> <span class='ocrx_word' id='word_1_104' title='bbox 1054 492 1142 533; x_wconf 93' lang='lat' dir='ltr'><strong>quod</strong></span> <span class='ocrx_word' id='word_1_105' title='bbox 1165 501 1348 532; x_wconf 84' lang='lat' dir='ltr'><strong>argumenta</strong></span> <span class='ocrx_word' id='word_1_106' title='bbox 1369 493 1422 524; x_wconf 76' lang='lat' dir='ltr'><strong>illa</strong></span> 
     </span>
     <span class='ocr_line' id='line_1_22' title="bbox 363 536 1422 574; baseline -0.002 -5"><span class='ocrx_word' id='word_1_107' title='bbox 363 547 428 568; x_wconf 91' lang='lat' dir='ltr'><strong>non</strong></span> <span class='ocrx_word' id='word_1_108' title='bbox 459 545 533 569; x_wconf 91' lang='lat' dir='ltr'><strong>sunt</strong></span> <span class='ocrx_word' id='word_1_109' title='bbox 556 544 664 569; x_wconf 83' lang='lat' dir='ltr'><strong>contra</strong></span> <span class='ocrx_word' id='word_1_110' title='bbox 693 540 876 568; x_wconf 86' lang='lat' dir='ltr'><strong>Auctorem.</strong></span> <span class='ocrx_word' id='word_1_111' title='bbox 909 536 1073 574; x_wconf 75' lang='lat' dir='ltr'><strong>Quoniam</strong></span> <span class='ocrx_word' id='word_1_112' title='bbox 1102 538 1224 567; x_wconf 86' lang='lat' dir='ltr'>Auctor</span> <span class='ocrx_word' id='word_1_113' title='bbox 1253 547 1319 567; x_wconf 90' lang='lat' dir='ltr'><strong>non</strong></span> <span class='ocrx_word' id='word_1_114' title='bbox 1347 537 1422 567; x_wconf 85' lang='lat' dir='ltr'><strong>dicit</strong></span> 
     </span>
     <span class='ocr_line' id='line_1_23' title="bbox 362 580 1422 622; baseline -0.002 -9"><span class='ocrx_word' id='word_1_115' title='bbox 362 582 452 622; x_wconf 89' lang='lat' dir='ltr'><strong>quod</strong></span> <span class='ocrx_word' id='word_1_116' title='bbox 468 582 605 613; x_wconf 79' lang='lat' dir='ltr'><strong>remittat</strong></span> <span class='ocrx_word' id='word_1_117' title='bbox 620 582 660 612; x_wconf 89' lang='lat' dir='ltr'><strong>ad</strong></span> <span class='ocrx_word' id='word_1_118' title='bbox 675 580 885 621; x_wconf 85' lang='lat' dir='ltr'><strong>superiorem:</strong></span> <span class='ocrx_word' id='word_1_119' title='bbox 910 580 965 610; x_wconf 90' lang='lat' dir='ltr'><strong>sed</strong></span> <span class='ocrx_word' id='word_1_120' title='bbox 983 580 1072 621; x_wconf 91' lang='lat' dir='ltr'><strong>quod</strong></span> <span class='ocrx_word' id='word_1_121' title='bbox 1089 580 1248 620; x_wconf 86' lang='lat' dir='ltr'><strong>relinquat</strong></span> <span class='ocrx_word' id='word_1_122' title='bbox 1262 581 1422 620; x_wconf 82' lang='lat' dir='ltr'><strong>superiori</strong></span> 
     </span>
     <span class='ocr_line' id='line_1_24' title="bbox 362 624 1420 664; baseline -0.002 -7"><span class='ocrx_word' id='word_1_123' title='bbox 362 626 567 657; x_wconf 82' lang='lat' dir='ltr'><strong>iudicandum</strong></span> <span class='ocrx_word' id='word_1_124' title='bbox 577 626 604 656; x_wconf 88' lang='lat'><strong>*.</strong></span> <span class='ocrx_word' id='word_1_125' title='bbox 623 625 722 662; x_wconf 85' lang='lat' dir='ltr'><strong>Quod</strong></span> <span class='ocrx_word' id='word_1_126' title='bbox 737 631 783 655; x_wconf 90' lang='lat' dir='ltr'><strong>est</strong></span> <span class='ocrx_word' id='word_1_127' title='bbox 797 624 884 654; x_wconf 91' lang='lat' dir='ltr'><strong>idem</strong></span> <span class='ocrx_word' id='word_1_128' title='bbox 899 633 973 654; x_wconf 89' lang='lat' dir='ltr'><strong>cum</strong></span> <span class='ocrx_word' id='word_1_129' title='bbox 988 624 1045 654; x_wconf 89' lang='lat' dir='ltr'><strong>illo</strong></span> <span class='ocrx_word' id='word_1_130' title='bbox 1060 625 1149 664; x_wconf 92' lang='lat' dir='ltr'><strong>quod</strong></span> <span class='ocrx_word' id='word_1_131' title='bbox 1165 632 1329 663; x_wconf 84' lang='lat' dir='ltr'><strong>arguentes</strong></span> <span class='ocrx_word' id='word_1_132' title='bbox 1345 634 1420 655; x_wconf 90' lang='lat' dir='ltr'><strong>con-</strong></span> 
     </span>
     <span class='ocr_line' id='line_1_25' title="bbox 362 668 1419 709; baseline -0.002 -9"><span class='ocrx_word' id='word_1_133' title='bbox 362 670 486 700; x_wconf 87' lang='lat' dir='ltr'><strong>sulunt:</strong></span> <span class='ocrx_word' id='word_1_134' title='bbox 510 669 626 700; x_wconf 88' lang='lat' dir='ltr'><strong>scilicet</strong></span> <span class='ocrx_word' id='word_1_135' title='bbox 648 668 738 709; x_wconf 89' lang='lat' dir='ltr'><strong>quod</strong></span> <span class='ocrx_word' id='word_1_136' title='bbox 761 674 908 698; x_wconf 83' lang='lat' dir='ltr'><strong>exoneret</strong></span> <span class='ocrx_word' id='word_1_137' title='bbox 922 678 965 704; x_wconf 90' lang='lat' dir='ltr'><strong>se,</strong></span> <span class='ocrx_word' id='word_1_138' title='bbox 989 675 1021 699; x_wconf 87' lang='lat' dir='ltr'><strong>et</strong></span> <span class='ocrx_word' id='word_1_139' title='bbox 1043 668 1199 708; x_wconf 86' lang='lat' dir='ltr'><strong>relinquat</strong></span> <span class='ocrx_word' id='word_1_140' title='bbox 1217 678 1326 699; x_wconf 78' lang='lat' dir='ltr'><strong>curam</strong></span> <span class='ocrx_word' id='word_1_141' title='bbox 1341 668 1419 704; x_wconf 78' lang='lat' dir='ltr'><strong>aliis,</strong></span> 
     </span>
     <span class='ocr_line' id='line_1_26' title="bbox 360 711 1419 753; baseline -0.002 -9"><span class='ocrx_word' id='word_1_142' title='bbox 360 714 387 744; x_wconf 86' lang='lat' dir='ltr'><strong>si</strong></span> <span class='ocrx_word' id='word_1_143' title='bbox 417 714 540 749; x_wconf 85' lang='lat' dir='ltr'><strong>volunt,</strong></span> <span class='ocrx_word' id='word_1_144' title='bbox 564 713 604 743; x_wconf 78' lang='lat' dir='ltr'><strong>ad</strong></span> <span class='ocrx_word' id='word_1_145' title='bbox 626 712 824 752; x_wconf 85' lang='lat' dir='ltr'><strong>superiorem</strong></span> <span class='ocrx_word' id='word_1_146' title='bbox 852 721 1018 743; x_wconf 89' lang='lat' dir='ltr'><strong>recurrere.</strong></span> <span class='ocrx_word' id='word_1_147' title='bbox 1049 729 1070 735; x_wconf 92' lang='lat'>-</span> <span class='ocrx_word' id='word_1_148' title='bbox 1099 712 1140 742; x_wconf 91' lang='lat' dir='ltr'><strong>Et</strong></span> <span class='ocrx_word' id='word_1_149' title='bbox 1167 712 1246 743; x_wconf 88' lang='lat' dir='ltr'><strong>scito</strong></span> <span class='ocrx_word' id='word_1_150' title='bbox 1276 712 1364 753; x_wconf 92' lang='lat' dir='ltr'><strong>quod</strong></span> <span class='ocrx_word' id='word_1_151' title='bbox 1395 711 1419 741; x_wconf 90' lang='lat' dir='ltr'><strong>si</strong></span> 
     </span>
     <span class='ocr_line' id='line_1_27' title="bbox 361 755 1420 797; baseline -0.001 -10"><span class='ocrx_word' id='word_1_152' title='bbox 361 767 451 788; x_wconf 75' lang='lat' dir='ltr'><strong>casus</strong></span> <span class='ocrx_word' id='word_1_153' title='bbox 473 757 653 797; x_wconf 72' lang='lat' dir='ltr'><strong>disputatus</strong></span> <span class='ocrx_word' id='word_1_154' title='bbox 675 756 828 787; x_wconf 86' lang='lat' dir='ltr'><strong>accideret</strong></span> <span class='ocrx_word' id='word_1_155' title='bbox 856 755 996 786; x_wconf 88' lang='lat' dir='ltr'><strong>inferiori</strong></span> <span class='ocrx_word' id='word_1_156' title='bbox 1019 755 1133 792; x_wconf 90' lang='lat' dir='ltr'><strong>iudici,</strong></span> <span class='ocrx_word' id='word_1_157' title='bbox 1157 756 1283 786; x_wconf 88' lang='lat' dir='ltr'><strong>deberet</strong></span> <span class='ocrx_word' id='word_1_158' title='bbox 1313 765 1420 787; x_wconf 78' lang='lat' dir='ltr'><strong>coram</strong></span> 
     </span>
     <span class='ocr_line' id='line_1_28' title="bbox 359 799 1421 842; baseline -0.001 -11"><span class='ocrx_word' id='word_1_159' title='bbox 359 801 484 842; x_wconf 90' lang='lat' dir='ltr'><strong>populo</strong></span> <span class='ocrx_word' id='word_1_160' title='bbox 506 800 608 831; x_wconf 81' lang='lat' dir='ltr'><strong>iurare</strong></span> <span class='ocrx_word' id='word_1_161' title='bbox 630 800 720 840; x_wconf 92' lang='lat' dir='ltr'><strong>quod</strong></span> <span class='ocrx_word' id='word_1_162' title='bbox 743 799 803 830; x_wconf 89' lang='lat' dir='ltr'>sibi</span> <span class='ocrx_word' id='word_1_163' title='bbox 826 807 950 831; x_wconf 86' lang='lat' dir='ltr'><strong>constat</strong></span> <span class='ocrx_word' id='word_1_164' title='bbox 973 800 1176 840; x_wconf 88' lang='lat' dir='ltr'><strong>oppositum,</strong></span> <span class='ocrx_word' id='word_1_165' title='bbox 1201 806 1231 830; x_wconf 86' lang='lat' dir='ltr'><strong>et</strong></span> <span class='ocrx_word' id='word_1_166' title='bbox 1254 805 1421 840; x_wconf 79' lang='lat' dir='ltr'><strong>propterea</strong></span> 
     </span>
     <span class='ocr_line' id='line_1_29' title="bbox 359 843 1419 884; baseline -0.002 -9"><span class='ocrx_word' id='word_1_167' title='bbox 359 855 426 876; x_wconf 88' lang='lat' dir='ltr'><strong>non</strong></span> <span class='ocrx_word' id='word_1_168' title='bbox 448 844 580 880; x_wconf 56' lang='lat' dir='ltr'><strong>indicam</strong></span> <span class='ocrx_word' id='word_1_169' title='bbox 611 850 641 875; x_wconf 90' lang='lat' dir='ltr'><strong>et</strong></span> <span class='ocrx_word' id='word_1_170' title='bbox 663 844 801 874; x_wconf 88' lang='lat' dir='ltr'><strong>indicare</strong></span> <span class='ocrx_word' id='word_1_171' title='bbox 824 844 960 874; x_wconf 90' lang='lat' dir='ltr'><strong>modum</strong></span> <span class='ocrx_word' id='word_1_172' title='bbox 989 854 1056 884; x_wconf 93' lang='lat' dir='ltr'><strong>quo</strong></span> <span class='ocrx_word' id='word_1_173' title='bbox 1081 851 1203 874; x_wconf 85' lang='lat' dir='ltr'><strong>constat</strong></span> <span class='ocrx_word' id='word_1_174' title='bbox 1226 843 1300 879; x_wconf 83' lang='lat' dir='ltr'>sibi,</span> <span class='ocrx_word' id='word_1_175' title='bbox 1325 850 1419 883; x_wconf 84' lang='lat' dir='ltr'><strong>puta,</strong></span> 
     </span>
     <span class='ocr_line' id='line_1_30' title="bbox 362 885 1418 928; baseline -0.003 -9"><span class='ocrx_word' id='word_1_176' title='bbox 362 889 448 926; x_wconf 85' lang='lat' dir='ltr'><strong>Quia</strong></span> <span class='ocrx_word' id='word_1_177' title='bbox 471 888 536 919; x_wconf 83' lang='lat' dir='ltr'><strong>vidi</strong></span> <span class='ocrx_word' id='word_1_178' title='bbox 559 889 590 919; x_wconf 91' lang='lat' dir='ltr'><strong>in</strong></span> <span class='ocrx_word' id='word_1_179' title='bbox 615 888 673 919; x_wconf 87' lang='lat' dir='ltr'><strong>tali</strong></span> <span class='ocrx_word' id='word_1_180' title='bbox 696 888 775 925; x_wconf 80' lang='lat' dir='ltr'><strong>loco,</strong></span> <span class='ocrx_word' id='word_1_181' title='bbox 790 894 849 918; x_wconf 89' lang='lat' dir='ltr'><strong>etc.</strong></span> <span class='ocrx_word' id='word_1_182' title='bbox 877 888 919 918; x_wconf 92' lang='lat' dir='ltr'><strong>Et</strong></span> <span class='ocrx_word' id='word_1_183' title='bbox 940 888 1001 918; x_wconf 87' lang='lat' dir='ltr'><strong>hoc</strong></span> <span class='ocrx_word' id='word_1_184' title='bbox 1023 888 1132 928; x_wconf 88' lang='lat' dir='ltr'><strong>ipsum</strong></span> <span class='ocrx_word' id='word_1_185' title='bbox 1155 888 1280 918; x_wconf 85' lang='lat' dir='ltr'><strong>deberet</strong></span> <span class='ocrx_word' id='word_1_186' title='bbox 1303 885 1418 926; x_wconf 86' lang='lat' dir='ltr'><strong>signifi-</strong></span> 
     </span>
     <span class='ocr_line' id='line_1_31' title="bbox 359 930 1420 972; baseline -0.003 -9"><span class='ocrx_word' id='word_1_187' title='bbox 359 942 428 964; x_wconf 74' lang='lat' dir='ltr'><strong>care</strong></span> <span class='ocrx_word' id='word_1_188' title='bbox 450 932 625 972; x_wconf 86' lang='lat' dir='ltr'><strong>superiori,</strong></span> <span class='ocrx_word' id='word_1_189' title='bbox 650 938 686 963; x_wconf 92' lang='lat' dir='ltr'><strong>ut</strong></span> <span class='ocrx_word' id='word_1_190' title='bbox 708 932 758 962; x_wconf 91' lang='lat' dir='ltr'><strong>vel</strong></span> <span class='ocrx_word' id='word_1_191' title='bbox 780 932 843 968; x_wconf 93' lang='lat' dir='ltr'><strong>sic,</strong></span> <span class='ocrx_word' id='word_1_192' title='bbox 868 931 1014 962; x_wconf 86' lang='lat' dir='ltr'><strong>habendo</strong></span> <span class='ocrx_word' id='word_1_193' title='bbox 1037 932 1144 972; x_wconf 87' lang='lat' dir='ltr'><strong>ipsum</strong></span> <span class='ocrx_word' id='word_1_194' title='bbox 1166 930 1347 961; x_wconf 88' lang='lat' dir='ltr'><strong>inferiorem</strong></span> <span class='ocrx_word' id='word_1_195' title='bbox 1371 930 1420 960; x_wconf 88' lang='lat' dir='ltr'><strong>iu—</strong></span> 
     </span>
     <span class='ocr_line' id='line_1_32' title="bbox 358 973 1419 1016; baseline -0.003 -9"><span class='ocrx_word' id='word_1_196' title='bbox 358 976 461 1007; x_wconf 82' lang='lat' dir='ltr'><strong>dicem</strong></span> <span class='ocrx_word' id='word_1_197' title='bbox 484 986 543 1016; x_wconf 90' lang='lat' dir='ltr'><strong>pro</strong></span> <span class='ocrx_word' id='word_1_198' title='bbox 568 986 634 1007; x_wconf 92' lang='lat' dir='ltr'><strong>uno</strong></span> <span class='ocrx_word' id='word_1_199' title='bbox 658 983 746 1012; x_wconf 88' lang='lat' dir='ltr'><strong>teste,</strong></span> <span class='ocrx_word' id='word_1_200' title='bbox 769 976 921 1006; x_wconf 89' lang='lat' dir='ltr'><strong>innocens</strong></span> <span class='ocrx_word' id='word_1_201' title='bbox 937 975 1102 1006; x_wconf 83' lang='lat' dir='ltr'><strong>adiuvetur</strong></span> <span class='ocrx_word' id='word_1_202' title='bbox 1125 984 1233 1006; x_wconf 80' lang='lat' dir='ltr'><strong>coram</strong></span> <span class='ocrx_word' id='word_1_203' title='bbox 1249 973 1419 1014; x_wconf 88' lang='lat' dir='ltr'><strong>superioris</strong></span> 
     </span>
     <span class='ocr_line' id='line_1_33' title="bbox 357 1018 1417 1060; baseline -0.004 -9"><span class='ocrx_word' id='word_1_204' title='bbox 357 1020 487 1051; x_wconf 87' lang='lat' dir='ltr'><strong>iudicio.</strong></span> <span class='ocrx_word' id='word_1_205' title='bbox 510 1020 659 1060; x_wconf 88' lang='lat' dir='ltr'><strong>Princeps</strong></span> <span class='ocrx_word' id='word_1_206' title='bbox 682 1027 790 1051; x_wconf 80' lang='lat' dir='ltr'><strong>autern</strong></span> <span class='ocrx_word' id='word_1_207' title='bbox 813 1026 921 1060; x_wconf 91' lang='lat' dir='ltr'><strong>posset</strong></span> <span class='ocrx_word' id='word_1_208' title='bbox 943 1019 1039 1050; x_wconf 88' lang='lat' dir='ltr'><strong>simili</strong></span> <span class='ocrx_word' id='word_1_209' title='bbox 1054 1019 1154 1049; x_wconf 90' lang='lat' dir='ltr'><strong>modo</strong></span> <span class='ocrx_word' id='word_1_210' title='bbox 1171 1028 1280 1048; x_wconf 82' lang='lat' dir='ltr'><strong>coram</strong></span> <span class='ocrx_word' id='word_1_211' title='bbox 1293 1018 1417 1058; x_wconf 91' lang='lat' dir='ltr'><strong>populo</strong></span> 
     </span>
     <span class='ocr_line' id='line_1_34' title="bbox 357 1061 1419 1105; baseline -0.003 -10"><span class='ocrx_word' id='word_1_212' title='bbox 357 1064 470 1100; x_wconf 84' lang='lat' dir='ltr'><strong>iurare,</strong></span> <span class='ocrx_word' id='word_1_213' title='bbox 495 1065 625 1105; x_wconf 86' lang='lat' dir='ltr'><strong>quando</strong></span> <span class='ocrx_word' id='word_1_214' title='bbox 639 1063 698 1095; x_wconf 86' lang='lat' dir='ltr'><strong>s&#39;ibi</strong></span> <span class='ocrx_word' id='word_1_215' title='bbox 716 1073 808 1095; x_wconf 81' lang='lat' dir='ltr'><strong>casus</strong></span> <span class='ocrx_word' id='word_1_216' title='bbox 822 1063 881 1094; x_wconf 87' lang='lat' dir='ltr'><strong>iste</strong></span> <span class='ocrx_word' id='word_1_217' title='bbox 898 1063 1062 1098; x_wconf 86' lang='lat' dir='ltr'><strong>accideret,</strong></span> <span class='ocrx_word' id='word_1_218' title='bbox 1079 1069 1109 1093; x_wconf 91' lang='lat' dir='ltr'><strong>et</strong></span> <span class='ocrx_word' id='word_1_219' title='bbox 1132 1061 1239 1093; x_wconf 81' lang='lat' dir='ltr'><strong>conari</strong></span> <span class='ocrx_word' id='word_1_220' title='bbox 1262 1069 1419 1102; x_wconf 81' lang='lat' dir='ltr'><strong>quantum</strong></span> 
     </span>
     <span class='ocr_line' id='line_1_35' title="bbox 358 1105 1418 1149; baseline -0.005 -9"><span class='ocrx_word' id='word_1_221' title='bbox 358 1115 462 1149; x_wconf 85' lang='lat' dir='ltr'><strong>potest</strong></span> <span class='ocrx_word' id='word_1_222' title='bbox 485 1115 521 1139; x_wconf 93' lang='lat' dir='ltr'><strong>ut</strong></span> <span class='ocrx_word' id='word_1_223' title='bbox 543 1108 703 1148; x_wconf 88' lang='lat' dir='ltr'><strong>populum</strong></span> <span class='ocrx_word' id='word_1_224' title='bbox 726 1107 829 1147; x_wconf 80' lang='lat' dir='ltr'><strong>placet</strong></span> <span class='ocrx_word' id='word_1_225' title='bbox 851 1113 882 1138; x_wconf 89' lang='lat' dir='ltr'><strong>et</strong></span> <span class='ocrx_word' id='word_1_226' title='bbox 904 1114 1026 1147; x_wconf 81' lang='lat' dir='ltr'><strong>partem</strong></span> <span class='ocrx_word' id='word_1_227' title='bbox 1049 1106 1178 1146; x_wconf 88' lang='lat' dir='ltr'><strong>quietet.</strong></span> <span class='ocrx_word' id='word_1_228' title='bbox 1206 1105 1338 1146; x_wconf 88' lang='lat' dir='ltr'><strong>Optima</strong></span> <span class='ocrx_word' id='word_1_229' title='bbox 1361 1116 1418 1136; x_wconf 91' lang='lat' dir='ltr'><strong>au-</strong></span> 
     </span>
     <span class='ocr_line' id='line_1_36' title="bbox 357 1150 1419 1190; baseline -0.004 -7"><span class='ocrx_word' id='word_1_230' title='bbox 357 1159 422 1183; x_wconf 90' lang='lat' dir='ltr'><strong>tem</strong></span> <span class='ocrx_word' id='word_1_231' title='bbox 453 1152 573 1183; x_wconf 87' lang='lat' dir='ltr'><strong>cautela</strong></span> <span class='ocrx_word' id='word_1_232' title='bbox 601 1151 713 1182; x_wconf 88' lang='lat' dir='ltr'><strong>iudicis</strong></span> <span class='ocrx_word' id='word_1_233' title='bbox 743 1151 775 1181; x_wconf 91' lang='lat' dir='ltr'><strong>in</strong></span> <span class='ocrx_word' id='word_1_234' title='bbox 807 1160 900 1181; x_wconf 79' lang='lat' dir='ltr'><strong>causa</strong></span> <span class='ocrx_word' id='word_1_235' title='bbox 930 1150 1115 1180; x_wconf 89' lang='lat' dir='ltr'><strong>huiusmodi</strong></span> <span class='ocrx_word' id='word_1_236' title='bbox 1151 1157 1215 1186; x_wconf 90' lang='lat' dir='ltr'><strong>est,</strong></span> <span class='ocrx_word' id='word_1_237' title='bbox 1247 1157 1419 1190; x_wconf 82' lang='lat' dir='ltr'><strong>antequam</strong></span> 
     </span>
     <span class='ocr_line' id='line_1_37' title="bbox 357 1193 1419 1237; baseline -0.002 -11"><span class='ocrx_word' id='word_1_238' title='bbox 357 1196 556 1237; x_wconf 82' lang='lat' dir='ltr'><strong>perveniatur</strong></span> <span class='ocrx_word' id='word_1_239' title='bbox 577 1196 618 1226; x_wconf 80' lang='lat' dir='ltr'><strong>ad</strong></span> <span class='ocrx_word' id='word_1_240' title='bbox 642 1195 801 1229; x_wconf 80' lang='lat' dir='ltr'><strong>ulteriora.</strong></span> <span class='ocrx_word' id='word_1_241' title='bbox 824 1195 875 1225; x_wconf 90' lang='lat' dir='ltr'><strong>vel</strong></span> <span class='ocrx_word' id='word_1_242' title='bbox 897 1194 1047 1234; x_wconf 86' lang='lat' dir='ltr'><strong>repellere</strong></span> <span class='ocrx_word' id='word_1_243' title='bbox 1070 1204 1107 1224; x_wconf 88' lang='lat' dir='ltr'><strong>ex</strong></span> <span class='ocrx_word' id='word_1_244' title='bbox 1123 1193 1229 1225; x_wconf 88' lang='lat' dir='ltr'><strong>officio</strong></span> <span class='ocrx_word' id='word_1_245' title='bbox 1246 1194 1419 1225; x_wconf 82' lang='lat' dir='ltr'><strong>accusatio-</strong></span> 
     </span>
    </p>
   </div>
   <div class='ocr_carea' id='block_1_18' title="bbox 1388 1264 1523 1270">
    <p class='ocr_par' dir='ltr' id='par_1_18' title="bbox 1388 1264 1523 1270">
     <span class='ocr_line' id='line_1_38' title="bbox 1388 1264 1523 1270; baseline 0 0"><span class='ocrx_word' id='word_1_246' title='bbox 1388 1264 1523 1270; x_wconf 95' lang='lat' dir='ltr'><strong> </strong></span> 
     </span>
    </p>
   </div>
   <div class='ocr_carea' id='block_1_19' title="bbox 1471 494 2531 1236">
    <p class='ocr_par' dir='ltr' id='par_1_19' title="bbox 1471 494 2531 1236">
     <span class='ocr_line' id='line_1_39' title="bbox 1474 494 2531 535; baseline 0 -11"><span class='ocrx_word' id='word_1_247' title='bbox 1474 494 1692 524; x_wconf 84' lang='lat' dir='ltr'><strong>testimonium</strong></span> <span class='ocrx_word' id='word_1_248' title='bbox 1715 505 1810 525; x_wconf 92' lang='lat' dir='ltr'><strong>suum</strong></span> <span class='ocrx_word' id='word_1_249' title='bbox 1833 494 1971 526; x_wconf 86' lang='lat' dir='ltr'><strong>infirmet</strong></span> <span class='ocrx_word' id='word_1_250' title='bbox 1993 494 2180 526; x_wconf 81' lang='lat' dir='ltr'><strong>sententiam</strong></span> <span class='ocrx_word' id='word_1_251' title='bbox 2195 494 2348 535; x_wconf 83' lang='lat' dir='ltr'><strong>iniquam.</strong></span> <span class='ocrx_word' id='word_1_252' title='bbox 2372 494 2413 525; x_wconf 93' lang='lat' dir='ltr'><strong>Et</strong></span> <span class='ocrx_word' id='word_1_253' title='bbox 2428 495 2453 524; x_wconf 86' lang='lat' dir='ltr'><strong>si</strong></span> <span class='ocrx_word' id='word_1_254' title='bbox 2469 494 2531 525; x_wconf 91' lang='lat' dir='ltr'><strong>hoc</strong></span> 
     </span>
     <span class='ocr_line' id='line_1_40' title="bbox 1475 538 2528 578; baseline 0.001 -11"><span class='ocrx_word' id='word_1_255' title='bbox 1475 547 1539 567; x_wconf 90' lang='lat' dir='ltr'><strong>non</strong></span> <span class='ocrx_word' id='word_1_256' title='bbox 1560 545 1673 577; x_wconf 82' lang='lat' dir='ltr'><strong>potest,</strong></span> <span class='ocrx_word' id='word_1_257' title='bbox 1698 539 1790 569; x_wconf 91' lang='lat' dir='ltr'><strong>debet</strong></span> <span class='ocrx_word' id='word_1_258' title='bbox 1813 546 1917 578; x_wconf 90' lang='lat' dir='ltr'><strong>petere</strong></span> <span class='ocrx_word' id='word_1_259' title='bbox 1941 546 1976 570; x_wconf 92' lang='lat' dir='ltr'><strong>ut</strong></span> <span class='ocrx_word' id='word_1_260' title='bbox 1999 539 2179 569; x_wconf 91' lang='lat' dir='ltr'><strong>sublevetur</strong></span> <span class='ocrx_word' id='word_1_261' title='bbox 2201 539 2239 569; x_wconf 85' lang='lat' dir='ltr'><strong>ab</strong></span> <span class='ocrx_word' id='word_1_262' title='bbox 2261 538 2319 569; x_wconf 85' lang='lat' dir='ltr'><strong>hac</strong></span> <span class='ocrx_word' id='word_1_263' title='bbox 2336 538 2528 569; x_wconf 85' lang='lat' dir='ltr'><strong>executione.</strong></span> 
     </span>
     <span class='ocr_line' id='line_1_41' title="bbox 1474 581 2530 623; baseline 0.002 -13"><span class='ocrx_word' id='word_1_264' title='bbox 1474 581 1571 617; x_wconf 89' lang='lat' dir='ltr'><strong>Quod</strong></span> <span class='ocrx_word' id='word_1_265' title='bbox 1590 581 1615 611; x_wconf 87' lang='lat' dir='ltr'><strong>si</strong></span> <span class='ocrx_word' id='word_1_266' title='bbox 1639 591 1696 612; x_wconf 90' lang='lat' dir='ltr'><strong>nec</strong></span> <span class='ocrx_word' id='word_1_267' title='bbox 1719 582 1780 613; x_wconf 93' lang='lat' dir='ltr'><strong>hoc</strong></span> <span class='ocrx_word' id='word_1_268' title='bbox 1803 589 1908 622; x_wconf 88' lang='lat' dir='ltr'><strong>potest</strong></span> <span class='ocrx_word' id='word_1_269' title='bbox 1930 582 2081 619; x_wconf 88' lang='lat' dir='ltr'><strong>obtinere,</strong></span> <span class='ocrx_word' id='word_1_270' title='bbox 2106 583 2161 613; x_wconf 90' lang='lat' dir='ltr'><strong>sed</strong></span> <span class='ocrx_word' id='word_1_271' title='bbox 2184 589 2311 623; x_wconf 91' lang='lat' dir='ltr'><strong>oportet</strong></span> <span class='ocrx_word' id='word_1_272' title='bbox 2333 582 2439 622; x_wconf 90' lang='lat' dir='ltr'><strong>ipsum</strong></span> <span class='ocrx_word' id='word_1_273' title='bbox 2456 583 2530 612; x_wconf 90' lang='lat' dir='ltr'><strong>obe-</strong></span> 
     </span>
     <span class='ocr_line' id='line_1_42' title="bbox 1473 624 2529 667; baseline 0.002 -13"><span class='ocrx_word' id='word_1_274' title='bbox 1473 624 1538 655; x_wconf 89' lang='lat' dir='ltr'><strong>dire</strong></span> <span class='ocrx_word' id='word_1_275' title='bbox 1565 632 1620 655; x_wconf 84' lang='lat' dir='ltr'><strong>aut</strong></span> <span class='ocrx_word' id='word_1_276' title='bbox 1647 625 1755 656; x_wconf 90' lang='lat' dir='ltr'><strong>cedere</strong></span> <span class='ocrx_word' id='word_1_277' title='bbox 1783 625 1906 662; x_wconf 81' lang='lat' dir='ltr'><strong>officio,</strong></span> <span class='ocrx_word' id='word_1_278' title='bbox 1936 627 2019 657; x_wconf 89' lang='lat' dir='ltr'><strong>licite</strong></span> <span class='ocrx_word' id='word_1_279' title='bbox 2048 634 2154 667; x_wconf 90' lang='lat' dir='ltr'><strong>potest</strong></span> <span class='ocrx_word' id='word_1_280' title='bbox 2182 626 2308 667; x_wconf 86' lang='lat' dir='ltr'><strong>publica</strong></span> <span class='ocrx_word' id='word_1_281' title='bbox 2335 626 2529 657; x_wconf 87' lang='lat' dir='ltr'><strong>ministeriali</strong></span> 
     </span>
     <span class='ocr_line' id='line_1_43' title="bbox 1473 669 2526 711; baseline 0.002 -13"><span class='ocrx_word' id='word_1_282' title='bbox 1473 675 1625 707; x_wconf 75' lang='lat' dir='ltr'><strong>potestate</strong></span> <span class='ocrx_word' id='word_1_283' title='bbox 1641 669 1696 704; x_wconf 86' lang='lat' dir='ltr'><strong>uti,</strong></span> <span class='ocrx_word' id='word_1_284' title='bbox 1714 679 1732 699; x_wconf 89' lang='lat' dir='ltr'><strong>a</strong></span> <span class='ocrx_word' id='word_1_285' title='bbox 1748 670 1873 709; x_wconf 88' lang='lat' dir='ltr'><strong>publica</strong></span> <span class='ocrx_word' id='word_1_286' title='bbox 1888 670 2015 701; x_wconf 88' lang='lat' dir='ltr'><strong>scientia</strong></span> <span class='ocrx_word' id='word_1_287' title='bbox 2030 678 2061 701; x_wconf 92' lang='lat' dir='ltr'><strong>et</strong></span> <span class='ocrx_word' id='word_1_288' title='bbox 2080 677 2232 710; x_wconf 83' lang='lat' dir='ltr'><strong>potestate</strong></span> <span class='ocrx_word' id='word_1_289' title='bbox 2248 670 2413 711; x_wconf 87' lang='lat' dir='ltr'><strong>principali</strong></span> <span class='ocrx_word' id='word_1_290' title='bbox 2428 677 2526 706; x_wconf 83' lang='lat' dir='ltr'><strong>mota,</strong></span> 
     </span>
     <span class='ocr_line' id='line_1_44' title="bbox 1473 711 2531 754; baseline 0.002 -12"><span class='ocrx_word' id='word_1_291' title='bbox 1473 711 1552 742; x_wconf 89' lang='lat' dir='ltr'><strong>sicut</strong></span> <span class='ocrx_word' id='word_1_292' title='bbox 1568 712 1606 742; x_wconf 92' lang='lat' dir='ltr'><strong>de</strong></span> <span class='ocrx_word' id='word_1_293' title='bbox 1622 712 1723 743; x_wconf 88' lang='lat' dir='ltr'><strong>iudice</strong></span> <span class='ocrx_word' id='word_1_294' title='bbox 1739 713 1860 744; x_wconf 87' lang='lat' dir='ltr'><strong>dictum</strong></span> <span class='ocrx_word' id='word_1_295' title='bbox 1875 721 1920 745; x_wconf 89' lang='lat' dir='ltr'><strong>est</strong></span> <span class='ocrx_word' id='word_1_296' title='bbox 1933 714 1963 744; x_wconf 75' lang='grc' dir='ltr'><strong>*ε</strong></span> <span class='ocrx_word' id='word_1_297' title='bbox 1988 715 2099 745; x_wconf 86' lang='lat' dir='ltr'><strong>eadem</strong></span> <span class='ocrx_word' id='word_1_298' title='bbox 2120 715 2205 745; x_wconf 89' lang='lat' dir='ltr'><strong>enim</strong></span> <span class='ocrx_word' id='word_1_299' title='bbox 2223 722 2270 745; x_wconf 85' lang='lat' dir='ltr'><strong>est</strong></span> <span class='ocrx_word' id='word_1_300' title='bbox 2285 714 2374 746; x_wconf 83' lang='lat' dir='ltr'><strong>ratio.</strong></span> <span class='ocrx_word' id='word_1_301' title='bbox 2398 715 2531 754; x_wconf 86' lang='lat' dir='ltr'><strong>Propter</strong></span> 
     </span>
     <span class='ocr_line' id='line_1_45' title="bbox 1472 756 2529 796; baseline 0.004 -11"><span class='ocrx_word' id='word_1_302' title='bbox 1472 756 1560 796; x_wconf 91' lang='lat' dir='ltr'><strong>quod</strong></span> <span class='ocrx_word' id='word_1_303' title='bbox 1584 766 1673 786; x_wconf 89' lang='lat' dir='ltr'><strong>secus</strong></span> <span class='ocrx_word' id='word_1_304' title='bbox 1696 764 1776 787; x_wconf 88' lang='lat' dir='ltr'><strong>esset</strong></span> <span class='ocrx_word' id='word_1_305' title='bbox 1802 757 1827 787; x_wconf 89' lang='lat' dir='ltr'><strong>si</strong></span> <span class='ocrx_word' id='word_1_306' title='bbox 1852 758 2005 788; x_wconf 87' lang='lat' dir='ltr'><strong>sententia</strong></span> <span class='ocrx_word' id='word_1_307' title='bbox 2027 758 2201 789; x_wconf 91' lang='lat' dir='ltr'><strong>contineret</strong></span> <span class='ocrx_word' id='word_1_308' title='bbox 2223 768 2360 789; x_wconf 92' lang='lat' dir='ltr'><strong>errorem</strong></span> <span class='ocrx_word' id='word_1_309' title='bbox 2383 758 2529 789; x_wconf 87' lang='lat' dir='ltr'><strong>intolera-</strong></span> 
     </span>
     <span class='ocr_line' id='line_1_46' title="bbox 1473 799 2529 842; baseline 0.004 -13"><span class='ocrx_word' id='word_1_310' title='bbox 1473 799 1567 829; x_wconf 90' lang='lat' dir='ltr'><strong>bilem</strong></span> <span class='ocrx_word' id='word_1_311' title='bbox 1586 807 1641 830; x_wconf 92' lang='lat' dir='ltr'><strong>aut</strong></span> <span class='ocrx_word' id='word_1_312' title='bbox 1660 800 1858 831; x_wconf 83' lang='lat' dir='ltr'><strong>manifestam</strong></span> <span class='ocrx_word' id='word_1_313' title='bbox 1874 801 2087 842; x_wconf 88' lang='lat' dir='ltr'><strong>iniquitatem:</strong></span> <span class='ocrx_word' id='word_1_314' title='bbox 2104 803 2178 842; x_wconf 89' lang='lat' dir='ltr'><strong>quia</strong></span> <span class='ocrx_word' id='word_1_315' title='bbox 2197 809 2272 833; x_wconf 89' lang='lat' dir='ltr'><strong>tunc</strong></span> <span class='ocrx_word' id='word_1_316' title='bbox 2292 813 2357 832; x_wconf 92' lang='lat' dir='ltr'><strong>non</strong></span> <span class='ocrx_word' id='word_1_317' title='bbox 2377 813 2412 833; x_wconf 90' lang='lat' dir='ltr'><strong>ex</strong></span> <span class='ocrx_word' id='word_1_318' title='bbox 2431 802 2529 833; x_wconf 91' lang='lat' dir='ltr'><strong>scien-</strong></span> 
     </span>
     <span class='ocr_line' id='line_1_47' title="bbox 1472 843 2528 887; baseline 0.005 -15"><span class='ocrx_word' id='word_1_319' title='bbox 1472 843 1523 879; x_wconf 83' lang='lat' dir='ltr'><strong>tia,</strong></span> <span class='ocrx_word' id='word_1_320' title='bbox 1540 844 1594 873; x_wconf 89' lang='lat' dir='ltr'><strong>sed</strong></span> <span class='ocrx_word' id='word_1_321' title='bbox 1615 843 1799 883; x_wconf 81' lang='lat' dir='ltr'><strong>ignorantia,</strong></span> <span class='ocrx_word' id='word_1_322' title='bbox 1818 845 1947 881; x_wconf 86' lang='lat' dir='ltr'><strong>malitia,</strong></span> <span class='ocrx_word' id='word_1_323' title='bbox 1964 845 2175 885; x_wconf 79' lang='lat' dir='ltr'><strong>imprudentia</strong></span> <span class='ocrx_word' id='word_1_324' title='bbox 2190 853 2245 877; x_wconf 85' lang='lat' dir='ltr'><strong>aut</strong></span> <span class='ocrx_word' id='word_1_325' title='bbox 2267 846 2455 885; x_wconf 83' lang='lat' dir='ltr'><strong>negligentia</strong></span> <span class='ocrx_word' id='word_1_326' title='bbox 2470 857 2528 887; x_wconf 88' lang='lat' dir='ltr'><strong>pu—</strong></span> 
     </span>
     <span class='ocr_line' id='line_1_48' title="bbox 1473 887 2529 931; baseline 0.005 -15"><span class='ocrx_word' id='word_1_327' title='bbox 1473 887 1551 917; x_wconf 85' lang='lat' dir='ltr'><strong>blica</strong></span> <span class='ocrx_word' id='word_1_328' title='bbox 1573 895 1761 918; x_wconf 87' lang='lat' dir='ltr'><strong>moveretur.</strong></span> <span class='ocrx_word' id='word_1_329' title='bbox 1787 888 1878 919; x_wconf 93' lang='lat' dir='ltr'><strong>Unde</strong></span> <span class='ocrx_word' id='word_1_330' title='bbox 1898 889 1930 919; x_wconf 91' lang='lat' dir='ltr'><strong>in</strong></span> <span class='ocrx_word' id='word_1_331' title='bbox 1954 899 2021 929; x_wconf 81' lang='lat' dir='ltr'><strong>cap.</strong></span> <span class='ocrx_word' id='word_1_332' title='bbox 2034 891 2222 927; x_wconf 77' lang='lat' dir='ltr'><strong>Pastor-alis,</strong></span> <span class='ocrx_word' id='word_1_333' title='bbox 2239 891 2278 920; x_wconf 88' lang='lat' dir='ltr'><strong>de</strong></span> <span class='ocrx_word' id='word_1_334' title='bbox 2300 889 2415 931; x_wconf 85' lang='lat' dir='ltr'><strong>Officio</strong></span> <span class='ocrx_word' id='word_1_335' title='bbox 2435 891 2529 921; x_wconf 82' lang='lat' dir='ltr'><strong>Dele-</strong></span> 
     </span>
     <span class='ocr_line' id='line_1_49' title="bbox 1472 931 2529 974; baseline 0.003 -13"><span class='ocrx_word' id='word_1_336' title='bbox 1472 931 1551 971; x_wconf 85' lang='lat' dir='ltr'><strong>gati,</strong></span> <span class='ocrx_word' id='word_1_337' title='bbox 1568 931 1682 962; x_wconf 90' lang='lat' dir='ltr'><strong>dicitur</strong></span> <span class='ocrx_word' id='word_1_338' title='bbox 1704 932 1793 972; x_wconf 93' lang='lat' dir='ltr'><strong>quod</strong></span> <span class='ocrx_word' id='word_1_339' title='bbox 1809 932 1984 963; x_wconf 85' lang='lat' dir='ltr'><strong>ordinarius</strong></span> <span class='ocrx_word' id='word_1_340' title='bbox 2001 934 2111 974; x_wconf 87' lang='lat' dir='ltr'><strong>exequi</strong></span> <span class='ocrx_word' id='word_1_341' title='bbox 2135 935 2226 964; x_wconf 92' lang='lat' dir='ltr'><strong>debet</strong></span> <span class='ocrx_word' id='word_1_342' title='bbox 2240 934 2427 964; x_wconf 85' lang='lat' dir='ltr'><strong>sententiam</strong></span> <span class='ocrx_word' id='word_1_343' title='bbox 2447 934 2529 964; x_wconf 87' lang='lat' dir='ltr'><strong>dele·</strong></span> 
     </span>
     <span class='ocr_line' id='line_1_50' title="bbox 1472 974 2527 1017; baseline 0.004 -13"><span class='ocrx_word' id='word_1_344' title='bbox 1472 974 1533 1014; x_wconf 88' lang='lat' dir='ltr'><strong>gati</strong></span> <span class='ocrx_word' id='word_1_345' title='bbox 1551 976 1645 1005; x_wconf 84' lang='lat' dir='ltr'><strong>etiam</strong></span> <span class='ocrx_word' id='word_1_346' title='bbox 1661 976 1690 1005; x_wconf 91' lang='lat' dir='ltr'><strong>si</strong></span> <span class='ocrx_word' id='word_1_347' title='bbox 1704 978 1785 1006; x_wconf 86' lang='lat' dir='ltr'><strong>sciat</strong></span> <span class='ocrx_word' id='word_1_348' title='bbox 1801 986 1870 1006; x_wconf 90' lang='lat' dir='ltr'><strong>eam</strong></span> <span class='ocrx_word' id='word_1_349' title='bbox 1884 986 1952 1007; x_wconf 86' lang='lat' dir='ltr'><strong>esse</strong></span> <span class='ocrx_word' id='word_1_350' title='bbox 1967 978 2128 1015; x_wconf 85' lang='lat' dir='ltr'><strong>iniustam,</strong></span> <span class='ocrx_word' id='word_1_351' title='bbox 2146 978 2171 1007; x_wconf 93' lang='lat' dir='ltr'><strong>si</strong></span> <span class='ocrx_word' id='word_1_352' title='bbox 2188 988 2253 1008; x_wconf 89' lang='lat' dir='ltr'><strong>non</strong></span> <span class='ocrx_word' id='word_1_353' title='bbox 2266 978 2371 1017; x_wconf 87' lang='lat' dir='ltr'><strong>potuit</strong></span> <span class='ocrx_word' id='word_1_354' title='bbox 2386 978 2527 1008; x_wconf 90' lang='lat' dir='ltr'><strong>obtinere</strong></span> 
     </span>
     <span class='ocr_line' id='line_1_51' title="bbox 1473 1019 2529 1058; baseline 0.004 -10"><span class='ocrx_word' id='word_1_355' title='bbox 1473 1025 1508 1049; x_wconf 94' lang='lat' dir='ltr'><strong>ut</strong></span> <span class='ocrx_word' id='word_1_356' title='bbox 1523 1019 1738 1049; x_wconf 79' lang='lat' dir='ltr'><strong>sublevaretur</strong></span> <span class='ocrx_word' id='word_1_357' title='bbox 1753 1020 1792 1050; x_wconf 87' lang='lat' dir='ltr'><strong>ab</strong></span> <span class='ocrx_word' id='word_1_358' title='bbox 1809 1030 1904 1050; x_wconf 91' lang='lat' dir='ltr'><strong>onere</strong></span> <span class='ocrx_word' id='word_1_359' title='bbox 1925 1021 2116 1051; x_wconf 83' lang='lat' dir='ltr'><strong>executionis</strong></span> <span class='ocrx_word' id='word_1_360' title='bbox 2129 1030 2135 1051; x_wconf 91' lang='lat'><strong>:</strong></span> <span class='ocrx_word' id='word_1_361' title='bbox 2156 1028 2186 1052; x_wconf 92' lang='lat' dir='ltr'><strong>et</strong></span> <span class='ocrx_word' id='word_1_362' title='bbox 2202 1031 2267 1051; x_wconf 92' lang='lat' dir='ltr'><strong>non</strong></span> <span class='ocrx_word' id='word_1_363' title='bbox 2283 1021 2366 1058; x_wconf 87' lang='lat' dir='ltr'><strong>dicit,</strong></span> <span class='ocrx_word' id='word_1_364' title='bbox 2381 1023 2410 1052; x_wconf 84' lang='lat' dir='ltr'><strong>si</strong></span> <span class='ocrx_word' id='word_1_365' title='bbox 2424 1023 2529 1053; x_wconf 87' lang='lat' dir='ltr'><strong>sciunt</strong></span> 
     </span>
     <span class='ocr_line' id='line_1_52' title="bbox 1473 1063 2527 1105; baseline 0.003 -12"><span class='ocrx_word' id='word_1_366' title='bbox 1473 1064 1538 1103; x_wconf 81' lang='lat' dir='ltr'><strong>ipse</strong></span> <span class='ocrx_word' id='word_1_367' title='bbox 1557 1068 1587 1094; x_wconf 88' lang='lat' dir='ltr'><strong>et</strong></span> <span class='ocrx_word' id='word_1_368' title='bbox 1609 1063 1667 1093; x_wconf 88' lang='lat' dir='ltr'><strong>alii</strong></span> <span class='ocrx_word' id='word_1_369' title='bbox 1682 1073 1752 1093; x_wconf 88' lang='lat' dir='ltr'><strong>eam</strong></span> <span class='ocrx_word' id='word_1_370' title='bbox 1767 1073 1833 1094; x_wconf 88' lang='lat' dir='ltr'><strong>esse</strong></span> <span class='ocrx_word' id='word_1_371' title='bbox 1851 1064 2010 1094; x_wconf 87' lang='lat' dir='ltr'><strong>iniustam.</strong></span> <span class='ocrx_word' id='word_1_372' title='bbox 2034 1065 2075 1095; x_wconf 91' lang='lat' dir='ltr'><strong>Et</strong></span> <span class='ocrx_word' id='word_1_373' title='bbox 2090 1067 2210 1095; x_wconf 87' lang='lat' dir='ltr'><strong>Auctor</strong></span> <span class='ocrx_word' id='word_1_374' title='bbox 2225 1065 2379 1105; x_wconf 89' lang='lat' dir='ltr'><strong>superius,</strong></span> <span class='ocrx_word' id='word_1_375' title='bbox 2398 1065 2431 1095; x_wconf 94' lang='lat' dir='ltr'><strong>in</strong></span> <span class='ocrx_word' id='word_1_376' title='bbox 2454 1066 2527 1096; x_wconf 91' lang='lat' dir='ltr'><strong>loco</strong></span> 
     </span>
     <span class='ocr_line' id='line_1_53' title="bbox 1473 1106 2529 1149; baseline 0.003 -12"><span class='ocrx_word' id='word_1_377' title='bbox 1473 1106 1606 1146; x_wconf 78' lang='lat' dir='ltr'><strong>allegato</strong></span> <span class='ocrx_word' id='word_1_378' title='bbox 1624 1107 1651 1143; x_wconf 86' lang='lat'><strong>*,</strong></span> <span class='ocrx_word' id='word_1_379' title='bbox 1676 1107 1751 1138; x_wconf 88' lang='lat' dir='ltr'><strong>dicit</strong></span> <span class='ocrx_word' id='word_1_380' title='bbox 1777 1108 1866 1148; x_wconf 91' lang='lat' dir='ltr'><strong>quod</strong></span> <span class='ocrx_word' id='word_1_381' title='bbox 1888 1107 2029 1138; x_wconf 85' lang='lat' dir='ltr'><strong>minister</strong></span> <span class='ocrx_word' id='word_1_382' title='bbox 2050 1119 2114 1138; x_wconf 92' lang='lat' dir='ltr'><strong>non</strong></span> <span class='ocrx_word' id='word_1_383' title='bbox 2138 1116 2245 1149; x_wconf 85' lang='lat' dir='ltr'><strong>peccat</strong></span> <span class='ocrx_word' id='word_1_384' title='bbox 2275 1110 2476 1149; x_wconf 88' lang='lat' dir='ltr'><strong>exequendo,</strong></span> <span class='ocrx_word' id='word_1_385' title='bbox 2500 1111 2529 1140; x_wconf 86' lang='lat' dir='ltr'><strong>si</strong></span> 
     </span>
     <span class='ocr_line' id='line_1_54' title="bbox 1471 1151 2526 1192; baseline 0.003 -12"><span class='ocrx_word' id='word_1_386' title='bbox 1471 1151 1627 1181; x_wconf 77' lang='lat' dir='ltr'><strong>sententia</strong></span> <span class='ocrx_word' id='word_1_387' title='bbox 1657 1161 1720 1181; x_wconf 90' lang='lat' dir='ltr'><strong>non</strong></span> <span class='ocrx_word' id='word_1_388' title='bbox 1751 1153 1909 1182; x_wconf 80' lang='lat' dir='ltr'><strong>contineat</strong></span> <span class='ocrx_word' id='word_1_389' title='bbox 1939 1152 2141 1192; x_wconf 74' lang='lat' dir='ltr'><strong>manifestam</strong></span> <span class='ocrx_word' id='word_1_390' title='bbox 2167 1154 2373 1184; x_wconf 84' lang='lat' dir='ltr'><strong>iniustitiam:</strong></span> <span class='ocrx_word' id='word_1_391' title='bbox 2402 1160 2431 1183; x_wconf 90' lang='lat' dir='ltr'><strong>et</strong></span> <span class='ocrx_word' id='word_1_392' title='bbox 2462 1163 2526 1183; x_wconf 91' lang='lat' dir='ltr'><strong>non</strong></span> 
     </span>
     <span class='ocr_line' id='line_1_55' title="bbox 1472 1194 2339 1236; baseline 0.003 -11"><span class='ocrx_word' id='word_1_393' title='bbox 1472 1194 1546 1225; x_wconf 91' lang='lat' dir='ltr'><strong>dicit</strong></span> <span class='ocrx_word' id='word_1_394' title='bbox 1569 1195 1772 1236; x_wconf 73' lang='lat' dir='ltr'><strong>manifestam</strong></span> <span class='ocrx_word' id='word_1_395' title='bbox 1789 1196 1858 1232; x_wconf 85' lang='lat' dir='ltr'><strong>sibi,</strong></span> <span class='ocrx_word' id='word_1_396' title='bbox 1879 1196 1934 1226; x_wconf 93' lang='lat' dir='ltr'><strong>sed</strong></span> <span class='ocrx_word' id='word_1_397' title='bbox 1958 1196 2161 1236; x_wconf 70' lang='lat' dir='ltr'><strong>manifestam</strong></span> <span class='ocrx_word' id='word_1_398' title='bbox 2185 1197 2339 1228; x_wconf 82' lang='lat' dir='ltr'><strong>absolute.</strong></span> 
     </span>
    </p>
   </div>
   <div class='ocr_carea' id='block_1_20' title="bbox 1148 1319 1721 1362">
    <p class='ocr_par' dir='ltr' id='par_1_20' title="bbox 1148 1319 1721 1362">
     <span class='ocr_line' id='line_1_56' title="bbox 1148 1319 1721 1362; baseline 0.003 -2"><span class='ocrx_word' id='word_1_399' title='bbox 1148 1319 1465 1362; x_wconf 89' lang='lat' dir='ltr'><strong>ARTlCULUS</strong></span> <span class='ocrx_word' id='word_1_400' title='bbox 1493 1320 1721 1362; x_wconf 87' lang='lat' dir='ltr'>TERTIUS</span> 
     </span>
    </p>
   </div>
   <div class='ocr_carea' id='block_1_21' title="bbox 547 1403 2330 1506">
    <p class='ocr_par' dir='ltr' id='par_1_21' title="bbox 547 1403 2330 1506">
     <span class='ocr_line' id='line_1_57' title="bbox 547 1403 2330 1441; baseline 0 -5"><span class='ocrx_word' id='word_1_401' title='bbox 547 1405 702 1436; x_wconf 85' lang='lat' dir='ltr'>UTRUM</span> <span class='ocrx_word' id='word_1_402' title='bbox 726 1404 858 1435; x_wconf 88' lang='lat' dir='ltr'>IUDEX</span> <span class='ocrx_word' id='word_1_403' title='bbox 882 1403 1027 1434; x_wconf 90' lang='lat' dir='ltr'>POSSIT</span> <span class='ocrx_word' id='word_1_404' title='bbox 1051 1404 1247 1441; x_wconf 88' lang='lat' dir='ltr'><strong>ALIQUEM</strong></span> <span class='ocrx_word' id='word_1_405' title='bbox 1271 1403 1475 1435; x_wconf 90' lang='lat' dir='ltr'>IUDICARE</span> <span class='ocrx_word' id='word_1_406' title='bbox 1499 1404 1635 1434; x_wconf 91' lang='lat' dir='ltr'>ETIAM</span> <span class='ocrx_word' id='word_1_407' title='bbox 1659 1405 1693 1435; x_wconf 87' lang='lat' dir='ltr'><strong>SI</strong></span> <span class='ocrx_word' id='word_1_408' title='bbox 1717 1405 1808 1436; x_wconf 94' lang='lat' dir='ltr'><strong>NON</strong></span> <span class='ocrx_word' id='word_1_409' title='bbox 1832 1405 1897 1436; x_wconf 92' lang='lat' dir='ltr'><strong>SIT</strong></span> <span class='ocrx_word' id='word_1_410' title='bbox 1921 1405 2045 1436; x_wconf 88' lang='lat' dir='ltr'>ALIUS</span> <span class='ocrx_word' id='word_1_411' title='bbox 2069 1405 2330 1437; x_wconf 84' lang='lat' dir='ltr'><strong>ACCUSATOR</strong></span> 
     </span>
     <span class='ocr_line' id='line_1_58' title="bbox 1210 1472 1677 1506; baseline 0.004 -10"><span class='ocrx_word' id='word_1_412' title='bbox 1210 1472 1287 1497; x_wconf 79' lang='lat' dir='ltr'><strong>Cont.</strong></span> <span class='ocrx_word' id='word_1_413' title='bbox 1307 1473 1428 1505; x_wconf 74' lang='lat' dir='ltr'><strong>Impugn.</strong></span> <span class='ocrx_word' id='word_1_414' title='bbox 1448 1472 1543 1506; x_wconf 68' lang='lat' dir='ltr'><strong>Rezig„</strong></span> <span class='ocrx_word' id='word_1_415' title='bbox 1563 1481 1620 1505; x_wconf 79' lang='lat' dir='ltr'><strong>cap.</strong></span> <span class='ocrx_word' id='word_1_416' title='bbox 1638 1480 1677 1498; x_wconf 87' lang='lat'><strong>111.</strong></span> 
     </span>
    </p>
   </div>
   <div class='ocr_carea' id='block_1_22' title="bbox 347 1542 1415 3178">
    <p class='ocr_par' dir='ltr' id='par_1_22' title="bbox 474 1542 1415 1687">
     <span class='ocr_line' id='line_1_59' title="bbox 474 1542 1414 1590; baseline -0.006 -6"><span class='ocrx_word' id='word_1_417' title='bbox 474 1575 499 1589; x_wconf 42' lang='lat' dir='ltr'><strong>,f</strong></span> <span class='ocrx_word' id='word_1_418' title='bbox 536 1567 541 1574; x_wconf 69' lang='lat'><em>‹</em></span> <span class='ocrx_word' id='word_1_419' title='bbox 565 1556 587 1581; x_wconf 88' lang='lat' dir='ltr'>D</span> <span class='ocrx_word' id='word_1_420' title='bbox 611 1554 771 1580; x_wconf 77' lang='lat' dir='ltr'><strong>TERTmM</strong></span> <span class='ocrx_word' id='word_1_421' title='bbox 791 1554 844 1579; x_wconf 75' lang='lat' dir='ltr'><strong>sm</strong></span> <span class='ocrx_word' id='word_1_422' title='bbox 872 1553 1111 1579; x_wconf 79' lang='lat' dir='ltr'><strong>PROCEmTUR.</strong></span> <span class='ocrx_word' id='word_1_423' title='bbox 1131 1542 1290 1578; x_wconf 91' lang='lat' dir='ltr'><strong>Videtur</strong></span> <span class='ocrx_word' id='word_1_424' title='bbox 1309 1542 1414 1590; x_wconf 93' lang='lat' dir='ltr'><strong>quod</strong></span> 
     </span>
     <span class='ocr_line' id='line_1_60' title="bbox 565 1594 1415 1645; baseline -0.003 -11.228"><span class='ocrx_word' id='word_1_425' title='bbox 565 1597 678 1634; x_wconf 86' lang='lat' dir='ltr'><strong>iudex</strong></span> <span class='ocrx_word' id='word_1_426' title='bbox 703 1595 823 1645; x_wconf 91' lang='lat' dir='ltr'><strong>possit</strong></span> <span class='ocrx_word' id='word_1_427' title='bbox 852 1594 1017 1643; x_wconf 88' lang='lat' dir='ltr'><strong>aliquem</strong></span> <span class='ocrx_word' id='word_1_428' title='bbox 1045 1594 1210 1631; x_wconf 88' lang='lat' dir='ltr'><strong>iudicare</strong></span> <span class='ocrx_word' id='word_1_429' title='bbox 1241 1594 1354 1631; x_wconf 88' lang='lat' dir='ltr'><strong>etiarn</strong></span> <span class='ocrx_word' id='word_1_430' title='bbox 1384 1595 1415 1631; x_wconf 89' lang='lat' dir='ltr'><strong>si</strong></span> 
     </span>
     <span class='ocr_line' id='line_1_61' title="bbox 516 1643 1413 1687; baseline -0.003 0"><span class='ocrx_word' id='word_1_431' title='bbox 516 1643 523 1653; x_wconf 61' lang='lat'><strong><em>¹</em></strong></span> <span class='ocrx_word' id='word_1_432' title='bbox 565 1661 644 1687; x_wconf 91' lang='lat' dir='ltr'><strong>non</strong></span> <span class='ocrx_word' id='word_1_433' title='bbox 662 1648 707 1685; x_wconf 89' lang='lat' dir='ltr'><strong>sit</strong></span> <span class='ocrx_word' id='word_1_434' title='bbox 726 1647 820 1685; x_wconf 90' lang='lat' dir='ltr'><strong>alius</strong></span> <span class='ocrx_word' id='word_1_435' title='bbox 836 1652 854 1668; x_wconf 77' lang='lat'><em>²</em></span> <span class='ocrx_word' id='word_1_436' title='bbox 873 1654 1080 1684; x_wconf 89' lang='lat' dir='ltr'><strong>accusator.</strong></span> <span class='ocrx_word' id='word_1_437' title='bbox 1111 1647 1291 1684; x_wconf 90' lang='lat' dir='ltr'><strong>Humana</strong></span> <span class='ocrx_word' id='word_1_438' title='bbox 1312 1647 1413 1684; x_wconf 90' lang='lat' dir='ltr'><strong>enirn</strong></span> 
     </span>
    </p>

    <p class='ocr_par' dir='ltr' id='par_1_23' title="bbox 351 1700 1414 1951">
     <span class='ocr_line' id='line_1_62' title="bbox 416 1700 1413 1750; baseline 0.001 -13"><span class='ocrx_word' id='word_1_439' title='bbox 416 1736 419 1737; x_wconf 19' lang='lat'><em>⁷</em></span> <span class='ocrx_word' id='word_1_440' title='bbox 462 1740 470 1750; x_wconf 92' lang='lat'><strong>-.</strong></span> <span class='ocrx_word' id='word_1_441' title='bbox 538 1701 700 1739; x_wconf 88' lang='lat' dir='ltr'><strong>iustitia</strong></span> <span class='ocrx_word' id='word_1_442' title='bbox 728 1701 921 1738; x_wconf 88' lang='lat' dir='ltr'><strong>derivatur</strong></span> <span class='ocrx_word' id='word_1_443' title='bbox 948 1713 970 1737; x_wconf 88' lang='lat' dir='ltr'><strong>a</strong></span> <span class='ocrx_word' id='word_1_444' title='bbox 996 1700 1133 1737; x_wconf 90' lang='lat' dir='ltr'><strong>iustitia</strong></span> <span class='ocrx_word' id='word_1_445' title='bbox 1166 1700 1305 1737; x_wconf 87' lang='lat' dir='ltr'><strong>divina.</strong></span> <span class='ocrx_word' id='word_1_446' title='bbox 1337 1701 1413 1738; x_wconf 89' lang='lat' dir='ltr'><strong>Sed</strong></span> 
     </span>
     <span class='ocr_line' id='line_1_63' title="bbox 351 1753 1414 1804; baseline -0.002 -11"><span class='ocrx_word' id='word_1_447' title='bbox 351 1756 458 1793; x_wconf 89' lang='lat' dir='ltr'><strong>Deus</strong></span> <span class='ocrx_word' id='word_1_448' title='bbox 485 1761 705 1804; x_wconf 88' lang='lat' dir='ltr'><strong>peccatores</strong></span> <span class='ocrx_word' id='word_1_449' title='bbox 724 1753 862 1791; x_wconf 90' lang='lat' dir='ltr'><strong>iudicat</strong></span> <span class='ocrx_word' id='word_1_450' title='bbox 890 1753 1002 1790; x_wconf 89' lang='lat' dir='ltr'><strong>etiam</strong></span> <span class='ocrx_word' id='word_1_451' title='bbox 1031 1753 1062 1790; x_wconf 93' lang='lat' dir='ltr'><strong>si</strong></span> <span class='ocrx_word' id='word_1_452' title='bbox 1081 1753 1203 1790; x_wconf 90' lang='lat' dir='ltr'><strong>nullus</strong></span> <span class='ocrx_word' id='word_1_453' title='bbox 1232 1753 1277 1790; x_wconf 92' lang='lat' dir='ltr'><strong>sit</strong></span> <span class='ocrx_word' id='word_1_454' title='bbox 1305 1766 1414 1791; x_wconf 89' lang='lat' dir='ltr'><strong>accu-</strong></span> 
     </span>
     <span class='ocr_line' id='line_1_64' title="bbox 351 1805 1412 1856; baseline -0.002 -11"><span class='ocrx_word' id='word_1_455' title='bbox 351 1815 464 1845; x_wconf 88' lang='lat' dir='ltr'><strong>sator.</strong></span> <span class='ocrx_word' id='word_1_456' title='bbox 503 1808 606 1856; x_wconf 92' lang='lat' dir='ltr'><strong>Ergo</strong></span> <span class='ocrx_word' id='word_1_457' title='bbox 642 1807 793 1845; x_wconf 90' lang='lat' dir='ltr'><strong>videtur</strong></span> <span class='ocrx_word' id='word_1_458' title='bbox 821 1805 926 1856; x_wconf 91' lang='lat' dir='ltr'><strong>quod</strong></span> <span class='ocrx_word' id='word_1_459' title='bbox 962 1806 1081 1843; x_wconf 89' lang='lat' dir='ltr'><strong>homo</strong></span> <span class='ocrx_word' id='word_1_460' title='bbox 1109 1806 1229 1855; x_wconf 90' lang='lat' dir='ltr'><strong>possit</strong></span> <span class='ocrx_word' id='word_1_461' title='bbox 1257 1805 1295 1843; x_wconf 93' lang='lat' dir='ltr'><strong>in</strong></span> <span class='ocrx_word' id='word_1_462' title='bbox 1319 1806 1412 1844; x_wconf 90' lang='lat' dir='ltr'><strong>iudi-</strong></span> 
     </span>
     <span class='ocr_line' id='line_1_65' title="bbox 352 1858 1412 1898; baseline -0.002 0"><span class='ocrx_word' id='word_1_463' title='bbox 352 1861 410 1898; x_wconf 91' lang='lat' dir='ltr'><strong>cio</strong></span> <span class='ocrx_word' id='word_1_464' title='bbox 438 1858 589 1898; x_wconf 68' lang='lat' dir='ltr'><strong>aliuml³</strong></span> <span class='ocrx_word' id='word_1_465' title='bbox 618 1860 875 1898; x_wconf 88' lang='lat' dir='ltr'><strong>condemnare</strong></span> <span class='ocrx_word' id='word_1_466' title='bbox 915 1859 1029 1896; x_wconf 89' lang='lat' dir='ltr'><strong>etiam</strong></span> <span class='ocrx_word' id='word_1_467' title='bbox 1058 1859 1088 1896; x_wconf 90' lang='lat' dir='ltr'><strong>si</strong></span> <span class='ocrx_word' id='word_1_468' title='bbox 1117 1871 1193 1896; x_wconf 89' lang='lat' dir='ltr'><strong>non</strong></span> <span class='ocrx_word' id='word_1_469' title='bbox 1223 1859 1319 1897; x_wconf 88' lang='lat' dir='ltr'><strong>adsit</strong></span> <span class='ocrx_word' id='word_1_470' title='bbox 1353 1872 1412 1897; x_wconf 90' lang='lat' dir='ltr'><strong>ac-</strong></span> 
     </span>
     <span class='ocr_line' id='line_1_66' title="bbox 352 1921 514 1951; baseline -0.006 0"><span class='ocrx_word' id='word_1_471' title='bbox 352 1921 514 1951; x_wconf 88' lang='lat' dir='ltr'><strong>cusator.</strong></span> 
     </span>
    </p>

    <p class='ocr_par' dir='ltr' id='par_1_24' title="bbox 349 1964 1413 2332">
     <span class='ocr_line' id='line_1_67' title="bbox 407 1964 1411 2014; baseline -0.002 -10"><span class='ocrx_word' id='word_1_472' title='bbox 407 1978 441 2004; x_wconf 74' lang='lat'><strong>2,</strong></span> <span class='ocrx_word' id='word_1_473' title='bbox 472 1967 713 2012; x_wconf 56' lang='lat' dir='ltr'><strong>Pasa-ream,</strong></span> <span class='ocrx_word' id='word_1_474' title='bbox 743 1972 941 2002; x_wconf 89' lang='lat' dir='ltr'><strong>accusator</strong></span> <span class='ocrx_word' id='word_1_475' title='bbox 968 1964 1167 2014; x_wconf 90' lang='lat' dir='ltr'><strong>requiritur</strong></span> <span class='ocrx_word' id='word_1_476' title='bbox 1199 1965 1237 2002; x_wconf 90' lang='lat' dir='ltr'><strong>in</strong></span> <span class='ocrx_word' id='word_1_477' title='bbox 1274 1965 1411 2002; x_wconf 90' lang='lat' dir='ltr'><strong>iudicio</strong></span> 
     </span>
     <span class='ocr_line' id='line_1_68' title="bbox 351 2017 1412 2067; baseline -0.003 -10"><span class='ocrx_word' id='word_1_478' title='bbox 351 2019 400 2057; x_wconf 88' lang='lat' dir='ltr'><strong>ad</strong></span> <span class='ocrx_word' id='word_1_479' title='bbox 437 2020 512 2056; x_wconf 92' lang='lat' dir='ltr'><strong>hoc</strong></span> <span class='ocrx_word' id='word_1_480' title='bbox 546 2019 651 2067; x_wconf 91' lang='lat' dir='ltr'><strong>quod</strong></span> <span class='ocrx_word' id='word_1_481' title='bbox 680 2018 822 2056; x_wconf 89' lang='lat' dir='ltr'><strong>deferat</strong></span> <span class='ocrx_word' id='word_1_482' title='bbox 859 2017 1003 2055; x_wconf 88' lang='lat' dir='ltr'><strong>crimen</strong></span> <span class='ocrx_word' id='word_1_483' title='bbox 1035 2018 1084 2055; x_wconf 90' lang='lat' dir='ltr'><strong>ad</strong></span> <span class='ocrx_word' id='word_1_484' title='bbox 1112 2017 1290 2055; x_wconf 90' lang='lat' dir='ltr'><strong>iudicem.</strong></span> <span class='ocrx_word' id='word_1_485' title='bbox 1335 2018 1412 2055; x_wconf 87' lang='lat' dir='ltr'><strong>Sed</strong></span> 
     </span>
     <span class='ocr_line' id='line_1_69' title="bbox 351 2070 1411 2122; baseline -0.002 -12"><span class='ocrx_word' id='word_1_486' title='bbox 351 2072 584 2121; x_wconf 88' lang='lat' dir='ltr'><strong>quandoque</strong></span> <span class='ocrx_word' id='word_1_487' title='bbox 611 2078 737 2122; x_wconf 89' lang='lat' dir='ltr'><strong>potest</strong></span> <span class='ocrx_word' id='word_1_488' title='bbox 773 2071 915 2109; x_wconf 90' lang='lat' dir='ltr'><strong>crimen</strong></span> <span class='ocrx_word' id='word_1_489' title='bbox 951 2071 999 2108; x_wconf 88' lang='lat' dir='ltr'><strong>ad</strong></span> <span class='ocrx_word' id='word_1_490' title='bbox 1033 2070 1196 2108; x_wconf 90' lang='lat' dir='ltr'><strong>iudicem</strong></span> <span class='ocrx_word' id='word_1_491' title='bbox 1228 2070 1411 2120; x_wconf 53' lang='lat' dir='ltr'><strong>‚devenire</strong></span> 
     </span>
     <span class='ocr_line' id='line_1_70' title="bbox 350 2121 1413 2174; baseline -0.003 -11"><span class='ocrx_word' id='word_1_492' title='bbox 350 2125 424 2163; x_wconf 90' lang='lat' dir='ltr'><strong>alio</strong></span> <span class='ocrx_word' id='word_1_493' title='bbox 462 2125 581 2162; x_wconf 92' lang='lat' dir='ltr'><strong>modo</strong></span> <span class='ocrx_word' id='word_1_494' title='bbox 618 2136 734 2174; x_wconf 90' lang='lat' dir='ltr'><strong>quam</strong></span> <span class='ocrx_word' id='word_1_495' title='bbox 772 2137 841 2174; x_wconf 92' lang='lat' dir='ltr'><strong>per</strong></span> <span class='ocrx_word' id='word_1_496' title='bbox 877 2123 1180 2161; x_wconf 85' lang='lat' dir='ltr'><strong>accusationem:</strong></span> <span class='ocrx_word' id='word_1_497' title='bbox 1214 2121 1308 2161; x_wconf 73' lang='lat' dir='ltr'><strong>sicut</strong></span> <span class='ocrx_word' id='word_1_498' title='bbox 1343 2136 1413 2173; x_wconf 89' lang='lat' dir='ltr'><strong>per</strong></span> 
     </span>
     <span class='ocr_line' id='line_1_71' title="bbox 350 2177 1410 2227; baseline -0.002 -11"><span class='ocrx_word' id='word_1_499' title='bbox 350 2177 675 2217; x_wconf 90' lang='lat' dir='ltr'><strong>denuntiationem</strong></span> <span class='ocrx_word' id='word_1_500' title='bbox 701 2178 764 2215; x_wconf 90' lang='lat' dir='ltr'><strong>vel</strong></span> <span class='ocrx_word' id='word_1_501' title='bbox 801 2189 870 2227; x_wconf 89' lang='lat' dir='ltr'><strong>per</strong></span> <span class='ocrx_word' id='word_1_502' title='bbox 897 2177 1113 2224; x_wconf 87' lang='lat' dir='ltr'><strong>infamiam,</strong></span> <span class='ocrx_word' id='word_1_503' title='bbox 1142 2177 1204 2214; x_wconf 86' lang='lat' dir='ltr'><strong>vel</strong></span> <span class='ocrx_word' id='word_1_504' title='bbox 1235 2177 1347 2214; x_wconf 87' lang='lat' dir='ltr'><strong>etiam</strong></span> <span class='ocrx_word' id='word_1_505' title='bbox 1381 2178 1410 2214; x_wconf 90' lang='lat' dir='ltr'><strong>si</strong></span> 
     </span>
     <span class='ocr_line' id='line_1_72' title="bbox 349 2229 1410 2282; baseline -0.003 -13"><span class='ocrx_word' id='word_1_506' title='bbox 349 2232 430 2282; x_wconf 92' lang='lat' dir='ltr'><strong>ipse</strong></span> <span class='ocrx_word' id='word_1_507' title='bbox 467 2231 582 2268; x_wconf 87' lang='lat' dir='ltr'><strong>iudex</strong></span> <span class='ocrx_word' id='word_1_508' title='bbox 618 2230 757 2268; x_wconf 87' lang='lat' dir='ltr'><strong>videat.</strong></span> <span class='ocrx_word' id='word_1_509' title='bbox 795 2231 898 2279; x_wconf 85' lang='lat' dir='ltr'><strong>Ergo</strong></span> <span class='ocrx_word' id='word_1_510' title='bbox 935 2230 1048 2267; x_wconf 86' lang='lat' dir='ltr'><strong>iudex</strong></span> <span class='ocrx_word' id='word_1_511' title='bbox 1084 2237 1209 2279; x_wconf 88' lang='lat' dir='ltr'><strong>potest</strong></span> <span class='ocrx_word' id='word_1_512' title='bbox 1245 2229 1410 2278; x_wconf 88' lang='lat' dir='ltr'><strong>aliquem</strong></span> 
     </span>
     <span class='ocr_line' id='line_1_73' title="bbox 350 2284 1039 2332; baseline -0.004 -10"><span class='ocrx_word' id='word_1_513' title='bbox 350 2284 608 2322; x_wconf 88' lang='lat' dir='ltr'><strong>condemnare</strong></span> <span class='ocrx_word' id='word_1_514' title='bbox 636 2284 780 2332; x_wconf 88' lang='lat' dir='ltr'><strong>absque</strong></span> <span class='ocrx_word' id='word_1_515' title='bbox 809 2291 1039 2321; x_wconf 89' lang='lat' dir='ltr'><strong>accusatore.</strong></span> 
     </span>
    </p>

    <p class='ocr_par' dir='ltr' id='par_1_25' title="bbox 347 2335 1411 2651">
     <span class='ocr_line' id='line_1_74' title="bbox 405 2335 1411 2384; baseline -0.003 -9"><span class='ocrx_word' id='word_1_516' title='bbox 405 2339 439 2375; x_wconf 87' lang='lat'><strong>3.</strong></span> <span class='ocrx_word' id='word_1_517' title='bbox 469 2338 712 2384; x_wconf 77' lang='lat' dir='ltr'><strong>PRAETEREA,</strong></span> <span class='ocrx_word' id='word_1_518' title='bbox 745 2337 842 2373; x_wconf 89' lang='lat' dir='ltr'><strong>facta</strong></span> <span class='ocrx_word' id='word_1_519' title='bbox 870 2337 1098 2373; x_wconf 91' lang='lat' dir='ltr'><strong>Sanctorum</strong></span> <span class='ocrx_word' id='word_1_520' title='bbox 1134 2336 1173 2373; x_wconf 92' lang='lat' dir='ltr'><strong>in</strong></span> <span class='ocrx_word' id='word_1_521' title='bbox 1211 2335 1411 2384; x_wconf 88' lang='lat' dir='ltr'><strong>Scripturis</strong></span> 
     </span>
     <span class='ocr_line' id='line_1_75' title="bbox 349 2389 1411 2438; baseline -0.002 -11"><span class='ocrx_word' id='word_1_522' title='bbox 349 2398 548 2428; x_wconf 87' lang='lat' dir='ltr'><strong>narrantur</strong></span> <span class='ocrx_word' id='word_1_523' title='bbox 583 2390 690 2438; x_wconf 89' lang='lat' dir='ltr'><strong>quasi</strong></span> <span class='ocrx_word' id='word_1_524' title='bbox 718 2389 907 2438; x_wconf 89' lang='lat' dir='ltr'><strong>quaedam</strong></span> <span class='ocrx_word' id='word_1_525' title='bbox 950 2389 1180 2438; x_wconf 86' lang='lat' dir='ltr'><strong>exemplaria</strong></span> <span class='ocrx_word' id='word_1_526' title='bbox 1218 2389 1411 2425; x_wconf 88' lang='lat' dir='ltr'><strong>humanae</strong></span> 
     </span>
     <span class='ocr_line' id='line_1_76' title="bbox 347 2442 1411 2480; baseline -0.002 0"><span class='ocrx_word' id='word_1_527' title='bbox 347 2443 461 2480; x_wconf 88' lang='lat' dir='ltr'><strong>vitae.</strong></span> <span class='ocrx_word' id='word_1_528' title='bbox 492 2443 568 2480; x_wconf 90' lang='lat' dir='ltr'><strong>Sed</strong></span> <span class='ocrx_word' id='word_1_529' title='bbox 596 2442 733 2480; x_wconf 88' lang='lat' dir='ltr'><strong>Daniel</strong></span> <span class='ocrx_word' id='word_1_530' title='bbox 766 2442 878 2479; x_wconf 89' lang='lat' dir='ltr'><strong>simul</strong></span> <span class='ocrx_word' id='word_1_531' title='bbox 913 2442 980 2478; x_wconf 84' lang='lat' dir='ltr'><strong>fuit</strong></span> <span class='ocrx_word' id='word_1_532' title='bbox 1008 2450 1205 2478; x_wconf 85' lang='lat' dir='ltr'><strong>accusator</strong></span> <span class='ocrx_word' id='word_1_533' title='bbox 1234 2449 1269 2478; x_wconf 90' lang='lat' dir='ltr'><strong>et</strong></span> <span class='ocrx_word' id='word_1_534' title='bbox 1300 2442 1411 2479; x_wconf 91' lang='lat' dir='ltr'><strong>iudex</strong></span> 
     </span>
     <span class='ocr_line' id='line_1_77' title="bbox 350 2493 1410 2545; baseline -0.004 -11"><span class='ocrx_word' id='word_1_535' title='bbox 350 2503 483 2534; x_wconf 90' lang='lat' dir='ltr'><strong>contra</strong></span> <span class='ocrx_word' id='word_1_536' title='bbox 511 2495 661 2545; x_wconf 90' lang='lat' dir='ltr'><strong>iniquos</strong></span> <span class='ocrx_word' id='word_1_537' title='bbox 690 2507 812 2542; x_wconf 90' lang='lat' dir='ltr'><strong>senes,</strong></span> <span class='ocrx_word' id='word_1_538' title='bbox 841 2503 883 2532; x_wconf 88' lang='lat' dir='ltr'><strong>ut</strong></span> <span class='ocrx_word' id='word_1_539' title='bbox 910 2502 1012 2543; x_wconf 90' lang='lat' dir='ltr'><strong>patet</strong></span> <span class='ocrx_word' id='word_1_540' title='bbox 1040 2495 1138 2531; x_wconf 89' lang='lat' dir='ltr'><strong>Dan.</strong></span> <span class='ocrx_word' id='word_1_541' title='bbox 1162 2506 1223 2531; x_wconf 87' lang='lat' dir='ltr'><strong>x111</strong></span> <span class='ocrx_word' id='word_1_542' title='bbox 1247 2493 1278 2530; x_wconf 85' lang='grc'><strong>*.</strong></span> <span class='ocrx_word' id='word_1_543' title='bbox 1308 2495 1410 2543; x_wconf 87' lang='lat' dir='ltr'><strong>Ergo</strong></span> 
     </span>
     <span class='ocr_line' id='line_1_78' title="bbox 350 2547 1411 2596; baseline -0.003 -9"><span class='ocrx_word' id='word_1_544' title='bbox 350 2560 428 2587; x_wconf 91' lang='lat' dir='ltr'><strong>non</strong></span> <span class='ocrx_word' id='word_1_545' title='bbox 458 2557 513 2586; x_wconf 91' lang='lat' dir='ltr'><strong>est</strong></span> <span class='ocrx_word' id='word_1_546' title='bbox 541 2557 674 2586; x_wconf 92' lang='lat' dir='ltr'><strong>contra</strong></span> <span class='ocrx_word' id='word_1_547' title='bbox 693 2547 871 2585; x_wconf 85' lang='lat' dir='ltr'><strong>iustitiam</strong></span> <span class='ocrx_word' id='word_1_548' title='bbox 901 2547 931 2584; x_wconf 92' lang='lat' dir='ltr'><strong>si</strong></span> <span class='ocrx_word' id='word_1_549' title='bbox 950 2548 1085 2596; x_wconf 85' lang='lat' dir='ltr'><strong>aliquis</strong></span> <span class='ocrx_word' id='word_1_550' title='bbox 1113 2547 1278 2596; x_wconf 87' lang='lat' dir='ltr'><strong>aliquem</strong></span> <span class='ocrx_word' id='word_1_551' title='bbox 1305 2547 1411 2584; x_wconf 92' lang='lat' dir='ltr'><strong>dam-</strong></span> 
     </span>
     <span class='ocr_line' id='line_1_79' title="bbox 350 2600 1380 2651; baseline -0.002 -11"><span class='ocrx_word' id='word_1_552' title='bbox 350 2610 414 2640; x_wconf 91' lang='lat' dir='ltr'><strong>net</strong></span> <span class='ocrx_word' id='word_1_553' title='bbox 431 2608 447 2630; x_wconf 74' lang='grc' dir='ltr'>Υ</span> <span class='ocrx_word' id='word_1_554' title='bbox 475 2610 658 2651; x_wconf 88' lang='lat' dir='ltr'><strong>tanquam</strong></span> <span class='ocrx_word' id='word_1_555' title='bbox 685 2601 811 2647; x_wconf 85' lang='lat' dir='ltr'><strong>iudex,</strong></span> <span class='ocrx_word' id='word_1_556' title='bbox 842 2609 879 2638; x_wconf 90' lang='lat' dir='ltr'><strong>et</strong></span> <span class='ocrx_word' id='word_1_557' title='bbox 906 2601 1067 2649; x_wconf 90' lang='lat' dir='ltr'><strong>ipsemet</strong></span> <span class='ocrx_word' id='word_1_558' title='bbox 1094 2600 1141 2637; x_wconf 88' lang='lat' dir='ltr'><strong>sit</strong></span> <span class='ocrx_word' id='word_1_559' title='bbox 1172 2607 1380 2638; x_wconf 87' lang='lat' dir='ltr'><strong>accusator.</strong></span> 
     </span>
    </p>

    <p class='ocr_par' dir='ltr' id='par_1_26' title="bbox 351 2653 1412 2911">
     <span class='ocr_line' id='line_1_80' title="bbox 404 2653 1409 2703; baseline -0.002 -11"><span class='ocrx_word' id='word_1_560' title='bbox 404 2654 479 2692; x_wconf 80' lang='lat' dir='ltr'><strong>SED</strong></span> <span class='ocrx_word' id='word_1_561' title='bbox 498 2665 644 2692; x_wconf 71' lang='lat' dir='ltr'>CONTRA</span> <span class='ocrx_word' id='word_1_562' title='bbox 663 2665 729 2691; x_wconf 72' lang='lat' dir='ltr'><strong>esr</strong></span> <span class='ocrx_word' id='word_1_563' title='bbox 747 2654 863 2703; x_wconf 91' lang='lat' dir='ltr'><strong>quod,</strong></span> <span class='ocrx_word' id='word_1_564' title='bbox 881 2655 895 2690; x_wconf 96' lang='grc' dir='ltr'>Ι</span> <span class='ocrx_word' id='word_1_565' title='bbox 911 2655 962 2692; x_wconf 90' lang='lat' dir='ltr'><strong>ad</strong></span> <span class='ocrx_word' id='word_1_566' title='bbox 984 2655 1069 2691; x_wconf 91' lang='lat' dir='ltr'><strong>Cor.</strong></span> <span class='ocrx_word' id='word_1_567' title='bbox 1085 2665 1110 2689; x_wconf 93' lang='lat' dir='ltr'>v</span> <span class='ocrx_word' id='word_1_568' title='bbox 1123 2653 1154 2701; x_wconf 72' lang='lat'><strong>²¹²,</strong></span> <span class='ocrx_word' id='word_1_569' title='bbox 1170 2653 1409 2701; x_wconf 85' lang='lat' dir='ltr'><strong>Ambrosius,</strong></span> 
     </span>
     <span class='ocr_line' id='line_1_81' title="bbox 351 2705 1412 2757; baseline -0.001 -13"><span class='ocrx_word' id='word_1_570' title='bbox 351 2717 544 2757; x_wconf 87' lang='lat' dir='ltr'><strong>exponens</strong></span> <span class='ocrx_word' id='word_1_571' title='bbox 573 2705 797 2744; x_wconf 86' lang='lat' dir='ltr'><strong>sententiam</strong></span> <span class='ocrx_word' id='word_1_572' title='bbox 821 2707 993 2756; x_wconf 91' lang='lat' dir='ltr'><strong>Apostoli</strong></span> <span class='ocrx_word' id='word_1_573' title='bbox 1024 2707 1070 2744; x_wconf 91' lang='lat' dir='ltr'><strong>de</strong></span> <span class='ocrx_word' id='word_1_574' title='bbox 1098 2705 1336 2754; x_wconf 82' lang='lat' dir='ltr'><strong>fornicatore,</strong></span> <span class='ocrx_word' id='word_1_575' title='bbox 1359 2706 1412 2743; x_wconf 92' lang='lat' dir='ltr'><strong>di-</strong></span> 
     </span>
     <span class='ocr_line' id='line_1_82' title="bbox 352 2759 1411 2809; baseline -0.001 -12"><span class='ocrx_word' id='word_1_576' title='bbox 352 2759 400 2798; x_wconf 92' lang='lat' dir='ltr'><strong>cit</strong></span> <span class='ocrx_word' id='word_1_577' title='bbox 419 2759 523 2809; x_wconf 93' lang='lat' dir='ltr'><strong>quod</strong></span> <span class='ocrx_word' id='word_1_578' title='bbox 542 2759 672 2797; x_wconf 87' lang='lat' dir='ltr'><strong>iudicis</strong></span> <span class='ocrx_word' id='word_1_579' title='bbox 700 2771 775 2797; x_wconf 88' lang='lat' dir='ltr'><strong>non</strong></span> <span class='ocrx_word' id='word_1_580' title='bbox 795 2765 849 2797; x_wconf 88' lang='lat' dir='ltr'><strong>est</strong></span> <span class='ocrx_word' id='word_1_581' title='bbox 863 2760 943 2797; x_wconf 85' lang='lat' dir='ltr'><strong>sine</strong></span> <span class='ocrx_word' id='word_1_582' title='bbox 970 2766 1188 2797; x_wconf 84' lang='lat' dir='ltr'><strong>accusatore</strong></span> <span class='ocrx_word' id='word_1_583' title='bbox 1205 2760 1411 2797; x_wconf 87' lang='lat' dir='ltr'><strong>damnare:</strong></span> 
     </span>
     <span class='ocr_line' id='line_1_83' title="bbox 351 2813 1409 2863; baseline -0.001 -13"><span class='ocrx_word' id='word_1_584' title='bbox 351 2813 439 2863; x_wconf 83' lang='lat' dir='ltr'><strong>quia</strong></span> <span class='ocrx_word' id='word_1_585' title='bbox 466 2813 653 2850; x_wconf 83' lang='lat' dir='ltr'><strong>Dominus</strong></span> <span class='ocrx_word' id='word_1_586' title='bbox 680 2813 829 2858; x_wconf 86' lang='lat' dir='ltr'><strong>Iudam,</strong></span> <span class='ocrx_word' id='word_1_587' title='bbox 850 2825 936 2849; x_wconf 88' lang='lat' dir='ltr'><strong>cum</strong></span> <span class='ocrx_word' id='word_1_588' title='bbox 952 2813 1094 2861; x_wconf 88' lang='lat' dir='ltr'><strong>fuisset</strong></span> <span class='ocrx_word' id='word_1_589' title='bbox 1107 2813 1194 2860; x_wconf 84' lang='lat' dir='ltr'><strong>fur,</strong></span> <span class='ocrx_word' id='word_1_590' title='bbox 1219 2813 1307 2860; x_wconf 87' lang='lat' dir='ltr'><strong>quia</strong></span> <span class='ocrx_word' id='word_1_591' title='bbox 1336 2825 1409 2850; x_wconf 89' lang='lat' dir='ltr'><strong>non</strong></span> 
     </span>
     <span class='ocr_line' id='line_1_84' title="bbox 351 2865 980 2911; baseline -0.005 -7"><span class='ocrx_word' id='word_1_592' title='bbox 351 2872 404 2904; x_wconf 89' lang='lat' dir='ltr'><strong>est</strong></span> <span class='ocrx_word' id='word_1_593' title='bbox 429 2870 638 2911; x_wconf 85' lang='lat' dir='ltr'><strong>accusatus,</strong></span> <span class='ocrx_word' id='word_1_594' title='bbox 657 2865 812 2902; x_wconf 88' lang='lat' dir='ltr'><strong>minime</strong></span> <span class='ocrx_word' id='word_1_595' title='bbox 837 2865 980 2902; x_wconf 83' lang='lat' dir='ltr'><strong>abiecit.</strong></span> 
     </span>
    </p>

    <p class='ocr_par' dir='ltr' id='par_1_27' title="bbox 351 2917 1412 3178">
     <span class='ocr_line' id='line_1_85' title="bbox 405 2917 1411 2967; baseline -0.002 -11"><span class='ocrx_word' id='word_1_596' title='bbox 405 2920 630 2956; x_wconf 63' lang='lat' dir='ltr'><strong>Responnno</strong></span> <span class='ocrx_word' id='word_1_597' title='bbox 645 2929 828 2955; x_wconf 77' lang='lat' dir='ltr'><strong>DmENDUM</strong></span> <span class='ocrx_word' id='word_1_598' title='bbox 843 2918 948 2967; x_wconf 92' lang='lat' dir='ltr'><strong>quod</strong></span> <span class='ocrx_word' id='word_1_599' title='bbox 962 2917 1076 2954; x_wconf 89' lang='lat' dir='ltr'><strong>iudex</strong></span> <span class='ocrx_word' id='word_1_600' title='bbox 1091 2925 1146 2954; x_wconf 91' lang='lat' dir='ltr'><strong>est</strong></span> <span class='ocrx_word' id='word_1_601' title='bbox 1160 2917 1341 2966; x_wconf 89' lang='lat' dir='ltr'><strong>interpres</strong></span> <span class='ocrx_word' id='word_1_602' title='bbox 1357 2917 1411 2954; x_wconf 89' lang='lat' dir='ltr'><strong>iu-</strong></span> 
     </span>
     <span class='ocr_line' id='line_1_86' title="bbox 351 2970 1410 3019; baseline -0.003 -10"><span class='ocrx_word' id='word_1_603' title='bbox 351 2972 488 3009; x_wconf 89' lang='lat' dir='ltr'><strong>stitiae:</strong></span> <span class='ocrx_word' id='word_1_604' title='bbox 514 2971 616 3008; x_wconf 92' lang='lat' dir='ltr'><strong>unde</strong></span> <span class='ocrx_word' id='word_1_605' title='bbox 638 2971 733 3007; x_wconf 90' lang='lat' dir='ltr'><strong>sicut</strong></span> <span class='ocrx_word' id='word_1_606' title='bbox 747 2971 1001 3019; x_wconf 88' lang='lat' dir='ltr'><strong>Philosophus</strong></span> <span class='ocrx_word' id='word_1_607' title='bbox 1026 2970 1124 3018; x_wconf 89' lang='lat' dir='ltr'><strong>dicit,</strong></span> <span class='ocrx_word' id='word_1_608' title='bbox 1141 2970 1178 3007; x_wconf 89' lang='lat' dir='ltr'><strong>in</strong></span> <span class='ocrx_word' id='word_1_609' title='bbox 1192 2970 1359 3007; x_wconf 81' lang='lat' dir='ltr'><strong>VEthic.</strong></span> <span class='ocrx_word' id='word_1_610' title='bbox 1379 2971 1410 3016; x_wconf 63' lang='lat'><strong>⁸²,</strong></span> 
     </span>
     <span class='ocr_line' id='line_1_87' title="bbox 352 3023 1412 3074; baseline -0.002 -12"><span class='ocrx_word' id='word_1_611' title='bbox 352 3026 403 3062; x_wconf 91' lang='lat' dir='ltr'><strong>ad</strong></span> <span class='ocrx_word' id='word_1_612' title='bbox 418 3023 432 3047; x_wconf 68' lang='grc' dir='ltr'><strong>δ</strong></span> <span class='ocrx_word' id='word_1_613' title='bbox 461 3024 619 3061; x_wconf 85' lang='lat' dir='ltr'><strong>iudicem</strong></span> <span class='ocrx_word' id='word_1_614' title='bbox 647 3024 872 3074; x_wconf 84' lang='lat' dir='ltr'><strong>confugiunt</strong></span> <span class='ocrx_word' id='word_1_615' title='bbox 896 3023 991 3061; x_wconf 86' lang='lat' dir='ltr'><strong>sicut</strong></span> <span class='ocrx_word' id='word_1_616' title='bbox 1016 3024 1067 3060; x_wconf 85' lang='lat' dir='ltr'><strong>ad</strong></span> <span class='ocrx_word' id='word_1_617' title='bbox 1093 3024 1283 3072; x_wconf 86' lang='lat' dir='ltr'><strong>quandam</strong></span> <span class='ocrx_word' id='word_1_618' title='bbox 1312 3023 1412 3060; x_wconf 90' lang='lat' dir='ltr'><strong>iusti-</strong></span> 
     </span>
     <span class='ocr_line' id='line_1_88' title="bbox 352 3075 1411 3125; baseline -0.002 -10"><span class='ocrx_word' id='word_1_619' title='bbox 352 3079 442 3116; x_wconf 84' lang='lat' dir='ltr'><strong>tiam</strong></span> <span class='ocrx_word' id='word_1_620' title='bbox 469 3077 690 3114; x_wconf 87' lang='lat' dir='ltr'><strong>animatam.</strong></span> <span class='ocrx_word' id='word_1_621' title='bbox 722 3076 860 3113; x_wconf 90' lang='lat' dir='ltr'><strong>lustitia</strong></span> <span class='ocrx_word' id='word_1_622' title='bbox 879 3084 1019 3124; x_wconf 83' lang='lat' dir='ltr'><strong>autem,</strong></span> <span class='ocrx_word' id='word_1_623' title='bbox 1042 3075 1136 3113; x_wconf 86' lang='lat' dir='ltr'><strong>sicut</strong></span> <span class='ocrx_word' id='word_1_624' title='bbox 1164 3088 1278 3125; x_wconf 90' lang='lat' dir='ltr'><strong>supra</strong></span> <span class='ocrx_word' id='word_1_625' title='bbox 1297 3076 1317 3096; x_wconf 75' lang='lat'><strong>¹²</strong></span> <span class='ocrx_word' id='word_1_626' title='bbox 1346 3077 1411 3113; x_wconf 92' lang='lat' dir='ltr'><strong>ha-</strong></span> 
     </span>
     <span class='ocr_line' id='line_1_89' title="bbox 351 3129 1409 3178; baseline -0.002 -10"><span class='ocrx_word' id='word_1_627' title='bbox 351 3131 474 3168; x_wconf 90' lang='lat' dir='ltr'><strong>bitum</strong></span> <span class='ocrx_word' id='word_1_628' title='bbox 504 3138 571 3178; x_wconf 89' lang='lat' dir='ltr'><strong>est,</strong></span> <span class='ocrx_word' id='word_1_629' title='bbox 591 3141 669 3166; x_wconf 92' lang='lat' dir='ltr'><strong>non</strong></span> <span class='ocrx_word' id='word_1_630' title='bbox 698 3137 754 3166; x_wconf 89' lang='lat' dir='ltr'><strong>est</strong></span> <span class='ocrx_word' id='word_1_631' title='bbox 781 3129 830 3167; x_wconf 92' lang='lat' dir='ltr'><strong>ad</strong></span> <span class='ocrx_word' id='word_1_632' title='bbox 858 3129 1038 3178; x_wconf 90' lang='lat' dir='ltr'><strong>seipsum,</strong></span> <span class='ocrx_word' id='word_1_633' title='bbox 1065 3129 1132 3167; x_wconf 92' lang='lat' dir='ltr'><strong>sed</strong></span> <span class='ocrx_word' id='word_1_634' title='bbox 1161 3130 1209 3166; x_wconf 90' lang='lat' dir='ltr'><strong>ad</strong></span> <span class='ocrx_word' id='word_1_635' title='bbox 1237 3130 1409 3166; x_wconf 90' lang='lat' dir='ltr'><strong>alterum.</strong></span> 
     </span>
    </p>
   </div>
   <div class='ocr_carea' id='block_1_23' title="bbox 359 1546 563 1702">
    <p class='ocr_par' dir='ltr' id='par_1_28' title="bbox 359 1546 563 1702">
     <span class='ocr_line' id='line_1_90' title="bbox 359 1546 563 1702; baseline 0 2542"><span class='ocrx_word' id='word_1_636' title='bbox 359 1546 563 1702; x_wconf 95' lang='lat' dir='ltr'><strong> </strong></span> 
     </span>
    </p>
   </div>
   <div class='ocr_carea' id='block_1_24' title="bbox 318 3181 1411 3232">
    <p class='ocr_par' dir='ltr' id='par_1_29' title="bbox 318 3181 1411 3232">
     <span class='ocr_line' id='line_1_91' title="bbox 318 3181 1411 3232; baseline -0.002 -11"><span class='ocrx_word' id='word_1_637' title='bbox 318 3202 325 3209; x_wconf 62' lang='grc'><strong>«</strong></span> <span class='ocrx_word' id='word_1_638' title='bbox 351 3183 402 3221; x_wconf 89' lang='lat' dir='ltr'><strong>Et</strong></span> <span class='ocrx_word' id='word_1_639' title='bbox 428 3183 516 3221; x_wconf 91' lang='lat' dir='ltr'><strong>ideo</strong></span> <span class='ocrx_word' id='word_1_640' title='bbox 546 3189 695 3232; x_wconf 89' lang='lat' dir='ltr'><strong>oportet</strong></span> <span class='ocrx_word' id='word_1_641' title='bbox 731 3181 836 3232; x_wconf 93' lang='lat' dir='ltr'><strong>quod</strong></span> <span class='ocrx_word' id='word_1_642' title='bbox 863 3181 977 3220; x_wconf 88' lang='lat' dir='ltr'><strong>iudex</strong></span> <span class='ocrx_word' id='word_1_643' title='bbox 1013 3181 1108 3219; x_wconf 89' lang='lat' dir='ltr'><strong>inter</strong></span> <span class='ocrx_word' id='word_1_644' title='bbox 1135 3182 1281 3231; x_wconf 90' lang='lat' dir='ltr'><strong>aliquos</strong></span> <span class='ocrx_word' id='word_1_645' title='bbox 1314 3182 1411 3219; x_wconf 93' lang='lat' dir='ltr'><strong>duos</strong></span> 
     </span>
    </p>
   </div>
   <div class='ocr_carea' id='block_1_25' title="bbox 353 3235 1412 3284">
    <p class='ocr_par' dir='ltr' id='par_1_30' title="bbox 353 3235 1412 3284">
     <span class='ocr_line' id='line_1_92' title="bbox 353 3235 1412 3284; baseline -0.002 -10"><span class='ocrx_word' id='word_1_646' title='bbox 353 3237 551 3274; x_wconf 86' lang='lat' dir='ltr'><strong>diiudicet:</strong></span> <span class='ocrx_word' id='word_1_647' title='bbox 581 3236 687 3284; x_wconf 91' lang='lat' dir='ltr'><strong>quod</strong></span> <span class='ocrx_word' id='word_1_648' title='bbox 716 3235 871 3284; x_wconf 90' lang='lat' dir='ltr'><strong>quidem</strong></span> <span class='ocrx_word' id='word_1_649' title='bbox 900 3236 943 3272; x_wconf 91' lang='lat' dir='ltr'><strong>fit</strong></span> <span class='ocrx_word' id='word_1_650' title='bbox 971 3247 1058 3272; x_wconf 91' lang='lat' dir='ltr'><strong>cum</strong></span> <span class='ocrx_word' id='word_1_651' title='bbox 1093 3247 1193 3272; x_wconf 91' lang='lat' dir='ltr'><strong>unus</strong></span> <span class='ocrx_word' id='word_1_652' title='bbox 1222 3243 1277 3272; x_wconf 87' lang='lat' dir='ltr'><strong>est</strong></span> <span class='ocrx_word' id='word_1_653' title='bbox 1307 3243 1412 3272; x_wconf 89' lang='lat' dir='ltr'><strong>actor</strong></span> 
     </span>
    </p>
   </div>
   <div class='ocr_carea' id='block_1_26' title="bbox 354 3287 1439 3338">
    <p class='ocr_par' dir='ltr' id='par_1_31' title="bbox 354 3287 1439 3338">
     <span class='ocr_line' id='line_1_93' title="bbox 354 3287 1439 3338; baseline -0.002 -11"><span class='ocrx_word' id='word_1_654' title='bbox 354 3297 390 3327; x_wconf 93' lang='lat' dir='ltr'><strong>et</strong></span> <span class='ocrx_word' id='word_1_655' title='bbox 408 3289 500 3327; x_wconf 89' lang='lat' dir='ltr'><strong>alius</strong></span> <span class='ocrx_word' id='word_1_656' title='bbox 523 3297 577 3326; x_wconf 90' lang='lat' dir='ltr'><strong>est</strong></span> <span class='ocrx_word' id='word_1_657' title='bbox 596 3300 694 3326; x_wconf 90' lang='lat' dir='ltr'><strong>reus.</strong></span> <span class='ocrx_word' id='word_1_658' title='bbox 720 3289 769 3325; x_wconf 94' lang='lat' dir='ltr'><strong>Et</strong></span> <span class='ocrx_word' id='word_1_659' title='bbox 786 3287 874 3325; x_wconf 89' lang='lat' dir='ltr'><strong>ideo</strong></span> <span class='ocrx_word' id='word_1_660' title='bbox 894 3288 933 3325; x_wconf 91' lang='lat' dir='ltr'><strong>in</strong></span> <span class='ocrx_word' id='word_1_661' title='bbox 954 3288 1171 3326; x_wconf 87' lang='lat' dir='ltr'><strong>criminibus</strong></span> <span class='ocrx_word' id='word_1_662' title='bbox 1190 3300 1267 3326; x_wconf 91' lang='lat' dir='ltr'><strong>non</strong></span> <span class='ocrx_word' id='word_1_663' title='bbox 1286 3296 1411 3338; x_wconf 91' lang='lat' dir='ltr'><strong>potest</strong></span> <span class='ocrx_word' id='word_1_664' title='bbox 1436 3311 1439 3331; x_wconf 57' lang='lat'>2</span> 
     </span>
    </p>
   </div>
   <div class='ocr_carea' id='block_1_27' title="bbox 1435 1987 1442 3310">
    <p class='ocr_par' dir='ltr' id='par_1_32' title="bbox 1435 1987 1442 3310">
     <span class='ocr_line' id='line_1_94' title="bbox 1435 1987 1442 3310; baseline 0 0"><span class='ocrx_word' id='word_1_665' title='bbox 1435 1987 1442 3310; x_wconf 95' lang='lat' dir='ltr'><strong> </strong></span> 
     </span>
    </p>
   </div>
   <div class='ocr_carea' id='block_1_28' title="bbox 1469 1542 2526 1590">
    <p class='ocr_par' dir='ltr' id='par_1_33' title="bbox 1469 1542 2526 1590">
     <span class='ocr_line' id='line_1_95' title="bbox 1469 1542 2526 1590; baseline 0.006 -12"><span class='ocrx_word' id='word_1_666' title='bbox 1469 1542 1635 1590; x_wconf 89' lang='lat' dir='ltr'><strong>aliquem</strong></span> <span class='ocrx_word' id='word_1_667' title='bbox 1665 1543 1803 1579; x_wconf 91' lang='lat' dir='ltr'><strong>iudicio</strong></span> <span class='ocrx_word' id='word_1_668' title='bbox 1841 1544 2097 1581; x_wconf 91' lang='lat' dir='ltr'><strong>condemnare</strong></span> <span class='ocrx_word' id='word_1_669' title='bbox 2135 1545 2247 1582; x_wconf 88' lang='lat' dir='ltr'><strong>iudex</strong></span> <span class='ocrx_word' id='word_1_670' title='bbox 2281 1546 2351 1583; x_wconf 90' lang='lat' dir='ltr'><strong>nisi</strong></span> <span class='ocrx_word' id='word_1_671' title='bbox 2387 1548 2526 1584; x_wconf 89' lang='lat' dir='ltr'><strong>habeat</strong></span> 
     </span>
    </p>
   </div>
   <div class='ocr_carea' id='block_1_29' title="bbox 1469 1597 2563 1637">
    <p class='ocr_par' dir='ltr' id='par_1_34' title="bbox 1469 1597 2563 1637">
     <span class='ocr_line' id='line_1_96' title="bbox 1469 1597 2563 1637; baseline 0.005 -6"><span class='ocrx_word' id='word_1_672' title='bbox 1469 1603 1749 1632; x_wconf 89' lang='lat' dir='ltr'><strong>accusatorem:</strong></span> <span class='ocrx_word' id='word_1_673' title='bbox 1779 1597 1989 1633; x_wconf 87' lang='lat' dir='ltr'><strong>secundum</strong></span> <span class='ocrx_word' id='word_1_674' title='bbox 2009 1597 2098 1634; x_wconf 91' lang='lat' dir='ltr'><strong>illud</strong></span> <span class='ocrx_word' id='word_1_675' title='bbox 2116 1598 2198 1634; x_wconf 86' lang='lat' dir='ltr'><strong>Act.</strong></span> <span class='ocrx_word' id='word_1_676' title='bbox 2214 1610 2286 1634; x_wconf 85' lang='lat' dir='ltr'><strong>xxv</strong></span> <span class='ocrx_word' id='word_1_677' title='bbox 2299 1599 2339 1635; x_wconf 73' lang='lat' dir='ltr'><strong>*z</strong></span> <span class='ocrx_word' id='word_1_678' title='bbox 2364 1600 2454 1636; x_wconf 90' lang='lat' dir='ltr'><strong>Non</strong></span> <span class='ocrx_word' id='word_1_679' title='bbox 2475 1607 2528 1637; x_wconf 89' lang='lat' dir='ltr'><strong>est</strong></span> <span class='ocrx_word' id='word_1_680' title='bbox 2554 1609 2563 1618; x_wconf 89' lang='grc'><em>·</em></span> 
     </span>
    </p>
   </div>
   <div class='ocr_carea' id='block_1_30' title="bbox 1466 1648 2528 2122">
    <p class='ocr_par' dir='ltr' id='par_1_35' title="bbox 1466 1648 2528 1856">
     <span class='ocr_line' id='line_1_97' title="bbox 1468 1648 2523 1699; baseline 0.005 -15"><span class='ocrx_word' id='word_1_681' title='bbox 1468 1648 1693 1684; x_wconf 85' lang='lat' dir='ltr'><strong>consuetudo</strong></span> <span class='ocrx_word' id='word_1_682' title='bbox 1720 1649 1905 1685; x_wconf 87' lang='lat' dir='ltr'><strong>Romanis</strong></span> <span class='ocrx_word' id='word_1_683' title='bbox 1932 1650 2115 1686; x_wconf 88' lang='lat' dir='ltr'><strong>damnare</strong></span> <span class='ocrx_word' id='word_1_684' title='bbox 2142 1650 2303 1699; x_wconf 86' lang='lat' dir='ltr'><strong>aliquem</strong></span> <span class='ocrx_word' id='word_1_685' title='bbox 2336 1653 2523 1690; x_wconf 88' lang='lat' dir='ltr'><strong>hominem</strong></span> 
     </span>
     <span class='ocr_line' id='line_1_98' title="bbox 1466 1701 2528 1751; baseline 0.005 -14"><span class='ocrx_word' id='word_1_686' title='bbox 1466 1701 1571 1749; x_wconf 85' lang='lat' dir='ltr'><strong>prius</strong></span> <span class='ocrx_word' id='word_1_687' title='bbox 1608 1712 1722 1749; x_wconf 86' lang='lat' dir='ltr'><strong>quam</strong></span> <span class='ocrx_word' id='word_1_688' title='bbox 1751 1702 1781 1738; x_wconf 90' lang='lat' dir='ltr'><strong>is</strong></span> <span class='ocrx_word' id='word_1_689' title='bbox 1817 1702 1883 1750; x_wconf 87' lang='lat' dir='ltr'><strong>qui</strong></span> <span class='ocrx_word' id='word_1_690' title='bbox 1916 1708 2116 1739; x_wconf 88' lang='lat' dir='ltr'><strong>accusatur</strong></span> <span class='ocrx_word' id='word_1_691' title='bbox 2144 1709 2358 1751; x_wconf 85' lang='lat' dir='ltr'><strong>praesentes</strong></span> <span class='ocrx_word' id='word_1_692' title='bbox 2392 1706 2528 1742; x_wconf 87' lang='lat' dir='ltr'><strong>habeat</strong></span> 
     </span>
     <span class='ocr_line' id='line_1_99' title="bbox 1468 1754 2525 1805; baseline 0.005 -15"><span class='ocrx_word' id='word_1_693' title='bbox 1468 1759 1715 1800; x_wconf 83' lang='lat' dir='ltr'><strong>accusatores,</strong></span> <span class='ocrx_word' id='word_1_694' title='bbox 1737 1754 1932 1803; x_wconf 85' lang='lat' dir='ltr'><strong>locumque</strong></span> <span class='ocrx_word' id='word_1_695' title='bbox 1959 1756 2181 1803; x_wconf 88' lang='lat' dir='ltr'><strong>defendendi</strong></span> <span class='ocrx_word' id='word_1_696' title='bbox 2201 1757 2360 1805; x_wconf 87' lang='lat' dir='ltr'><strong>accipiat</strong></span> <span class='ocrx_word' id='word_1_697' title='bbox 2385 1758 2437 1794; x_wconf 90' lang='lat' dir='ltr'><strong>ad</strong></span> <span class='ocrx_word' id='word_1_698' title='bbox 2461 1759 2525 1795; x_wconf 82' lang='lat' dir='ltr'><strong>ab·</strong></span> 
     </span>
     <span class='ocr_line' id='line_1_100' title="bbox 1468 1807 2314 1856; baseline 0.004 -13"><span class='ocrx_word' id='word_1_699' title='bbox 1468 1807 1603 1844; x_wconf 89' lang='lat' dir='ltr'><strong>luenda</strong></span> <span class='ocrx_word' id='word_1_700' title='bbox 1631 1807 1791 1844; x_wconf 90' lang='lat' dir='ltr'><strong>crimina</strong></span> <span class='ocrx_word' id='word_1_701' title='bbox 1819 1819 1916 1856; x_wconf 85' lang='lat' dir='ltr'><strong>quae</strong></span> <span class='ocrx_word' id='word_1_702' title='bbox 1944 1808 1980 1844; x_wconf 88' lang='lat' dir='ltr'><strong>ei</strong></span> <span class='ocrx_word' id='word_1_703' title='bbox 2005 1808 2275 1846; x_wconf 77' lang='lat' dir='ltr'><strong>obiiciehantur</strong></span> <span class='ocrx_word' id='word_1_704' title='bbox 2291 1815 2314 1846; x_wconf 77' lang='lat'><strong>⁸.</strong></span> 
     </span>
    </p>

    <p class='ocr_par' dir='ltr' id='par_1_36' title="bbox 1467 1862 2525 2122">
     <span class='ocr_line' id='line_1_101' title="bbox 1521 1862 2523 1910; baseline 0.004 -15"><span class='ocrx_word' id='word_1_705' title='bbox 1521 1862 1578 1896; x_wconf 85' lang='lat' dir='ltr'><strong>An</strong></span> <span class='ocrx_word' id='word_1_706' title='bbox 1608 1871 1743 1896; x_wconf 86' lang='lat' dir='ltr'>PRIMUM</span> <span class='ocrx_word' id='word_1_707' title='bbox 1771 1871 1870 1897; x_wconf 85' lang='lat' dir='ltr'>ERGO</span> <span class='ocrx_word' id='word_1_708' title='bbox 1897 1872 2080 1898; x_wconf 84' lang='lat' dir='ltr'><strong>DICENDUM</strong></span> <span class='ocrx_word' id='word_1_709' title='bbox 2119 1862 2224 1910; x_wconf 92' lang='lat' dir='ltr'><strong>quod</strong></span> <span class='ocrx_word' id='word_1_710' title='bbox 2252 1863 2357 1899; x_wconf 87' lang='lat' dir='ltr'><strong>Deus</strong></span> <span class='ocrx_word' id='word_1_711' title='bbox 2388 1862 2426 1899; x_wconf 89' lang='lat' dir='ltr'><strong>in</strong></span> <span class='ocrx_word' id='word_1_712' title='bbox 2454 1875 2523 1900; x_wconf 92' lang='lat' dir='ltr'><strong>suo</strong></span> 
     </span>
     <span class='ocr_line' id='line_1_102' title="bbox 1468 1912 2525 1965; baseline 0.004 -16"><span class='ocrx_word' id='word_1_713' title='bbox 1468 1912 1606 1950; x_wconf 91' lang='lat' dir='ltr'><strong>iudicio</strong></span> <span class='ocrx_word' id='word_1_714' title='bbox 1626 1913 1741 1949; x_wconf 90' lang='lat' dir='ltr'><strong>utitur</strong></span> <span class='ocrx_word' id='word_1_715' title='bbox 1769 1913 1999 1950; x_wconf 85' lang='lat' dir='ltr'><strong>conscientia</strong></span> <span class='ocrx_word' id='word_1_716' title='bbox 2017 1914 2208 1962; x_wconf 88' lang='lat' dir='ltr'><strong>peccantis</strong></span> <span class='ocrx_word' id='word_1_717' title='bbox 2237 1915 2344 1965; x_wconf 75' lang='lat' dir='ltr'><strong>quasi</strong></span> <span class='ocrx_word' id='word_1_718' title='bbox 2372 1927 2525 1953; x_wconf 86' lang='lat' dir='ltr'><strong>accusa-</strong></span> 
     </span>
     <span class='ocr_line' id='line_1_103' title="bbox 1467 1966 2523 2005; baseline 0.003 -3"><span class='ocrx_word' id='word_1_719' title='bbox 1467 1972 1568 2002; x_wconf 85' lang='lat' dir='ltr'><strong>tore:</strong></span> <span class='ocrx_word' id='word_1_720' title='bbox 1598 1966 1809 2003; x_wconf 89' lang='lat' dir='ltr'><strong>secundum</strong></span> <span class='ocrx_word' id='word_1_721' title='bbox 1828 1966 1919 2003; x_wconf 92' lang='lat' dir='ltr'><strong>illud</strong></span> <span class='ocrx_word' id='word_1_722' title='bbox 1937 1967 2049 2004; x_wconf 86' lang='lat' dir='ltr'><strong>Rom.</strong></span> <span class='ocrx_word' id='word_1_723' title='bbox 2072 1979 2094 2003; x_wconf 93' lang='lat'><strong>11</strong></span> <span class='ocrx_word' id='word_1_724' title='bbox 2113 1966 2153 2003; x_wconf 72' lang='grc' dir='ltr'><strong>*ε</strong></span> <span class='ocrx_word' id='word_1_725' title='bbox 2182 1969 2288 2004; x_wconf 87' lang='lat' dir='ltr'><strong>Inter</strong></span> <span class='ocrx_word' id='word_1_726' title='bbox 2304 1980 2343 2004; x_wconf 92' lang='lat' dir='ltr'><strong>se</strong></span> <span class='ocrx_word' id='word_1_727' title='bbox 2366 1968 2523 2005; x_wconf 79' lang='lat' dir='ltr'><strong>invicem</strong></span> 
     </span>
     <span class='ocr_line' id='line_1_104' title="bbox 1467 2019 2521 2069; baseline 0.003 -14"><span class='ocrx_word' id='word_1_728' title='bbox 1467 2019 1736 2069; x_wconf 86' lang='lat' dir='ltr'><strong>cogitationum</strong></span> <span class='ocrx_word' id='word_1_729' title='bbox 1751 2020 2019 2065; x_wconf 84' lang='lat' dir='ltr'><strong>accusantium,</strong></span> <span class='ocrx_word' id='word_1_730' title='bbox 2031 2026 2098 2057; x_wconf 88' lang='lat' dir='ltr'><strong>aut</strong></span> <span class='ocrx_word' id='word_1_731' title='bbox 2110 2021 2221 2057; x_wconf 88' lang='lat' dir='ltr'><strong>etiam</strong></span> <span class='ocrx_word' id='word_1_732' title='bbox 2236 2021 2521 2069; x_wconf 84' lang='lat' dir='ltr'><strong>defendentium.</strong></span> 
     </span>
     <span class='ocr_line' id='line_1_105' title="bbox 1468 2071 2525 2122; baseline 0.003 -14"><span class='ocrx_word' id='word_1_733' title='bbox 1468 2072 1539 2108; x_wconf 91' lang='lat' dir='ltr'><strong>Vel</strong></span> <span class='ocrx_word' id='word_1_734' title='bbox 1566 2071 1678 2109; x_wconf 89' lang='lat' dir='ltr'><strong>etiam</strong></span> <span class='ocrx_word' id='word_1_735' title='bbox 1699 2071 1887 2109; x_wconf 87' lang='lat' dir='ltr'><strong>evidentia</strong></span> <span class='ocrx_word' id='word_1_736' title='bbox 1915 2071 2001 2109; x_wconf 89' lang='lat' dir='ltr'><strong>facti</strong></span> <span class='ocrx_word' id='word_1_737' title='bbox 2027 2080 2211 2121; x_wconf 90' lang='lat' dir='ltr'><strong>quantum</strong></span> <span class='ocrx_word' id='word_1_738' title='bbox 2234 2074 2283 2110; x_wconf 91' lang='lat' dir='ltr'><strong>ad</strong></span> <span class='ocrx_word' id='word_1_739' title='bbox 2302 2073 2448 2122; x_wconf 89' lang='lat' dir='ltr'><strong>ipsum:</strong></span> <span class='ocrx_word' id='word_1_740' title='bbox 2469 2087 2525 2111; x_wconf 91' lang='lat' dir='ltr'><strong>se-</strong></span> 
     </span>
    </p>
   </div>
   <div class='ocr_carea' id='block_1_31' title="bbox 1438 2124 2561 2176">
    <p class='ocr_par' dir='ltr' id='par_1_37' title="bbox 1438 2124 2561 2176">
     <span class='ocr_line' id='line_1_106' title="bbox 1438 2124 2561 2176; baseline 0.003 -15"><span class='ocrx_word' id='word_1_741' title='bbox 1438 2133 1439 2139; x_wconf 62' lang='lat'><em>*</em></span> <span class='ocrx_word' id='word_1_742' title='bbox 1467 2124 1636 2162; x_wconf 90' lang='lat' dir='ltr'><strong>cundum</strong></span> <span class='ocrx_word' id='word_1_743' title='bbox 1672 2124 1764 2162; x_wconf 94' lang='lat' dir='ltr'><strong>illud</strong></span> <span class='ocrx_word' id='word_1_744' title='bbox 1796 2125 1888 2162; x_wconf 87' lang='lat' dir='ltr'><strong>Gen.</strong></span> <span class='ocrx_word' id='word_1_745' title='bbox 1919 2137 1954 2161; x_wconf 80' lang='grc' dir='ltr'><strong>ιν</strong></span> <span class='ocrx_word' id='word_1_746' title='bbox 1973 2125 2013 2161; x_wconf 76' lang='grc' dir='ltr'><strong>*ε</strong></span> <span class='ocrx_word' id='word_1_747' title='bbox 2050 2126 2134 2162; x_wconf 89' lang='lat' dir='ltr'><strong>Vox</strong></span> <span class='ocrx_word' id='word_1_748' title='bbox 2168 2127 2365 2176; x_wconf 79' lang='lat' dir='ltr'><strong>sanguinis</strong></span> <span class='ocrx_word' id='word_1_749' title='bbox 2385 2128 2525 2175; x_wconf 84' lang='lat' dir='ltr'><strong>fratris</strong></span> <span class='ocrx_word' id='word_1_750' title='bbox 2552 2140 2561 2150; x_wconf 89' lang='lat'><strong>·</strong></span> 
     </span>
    </p>
   </div>
   <div class='ocr_carea' id='block_1_32' title="bbox 1465 2177 2525 3335">
    <p class='ocr_par' dir='ltr' id='par_1_38' title="bbox 1466 2177 2179 2215">
     <span class='ocr_line' id='line_1_107' title="bbox 1466 2177 2179 2215; baseline 0.001 -1"><span class='ocrx_word' id='word_1_751' title='bbox 1466 2179 1520 2214; x_wconf 89' lang='lat' dir='ltr'><strong>tui</strong></span> <span class='ocrx_word' id='word_1_752' title='bbox 1544 2178 1640 2215; x_wconf 83' lang='lat' dir='ltr'><strong>Abel</strong></span> <span class='ocrx_word' id='word_1_753' title='bbox 1667 2177 1807 2215; x_wconf 88' lang='lat' dir='ltr'><strong>clamat</strong></span> <span class='ocrx_word' id='word_1_754' title='bbox 1831 2179 1883 2215; x_wconf 86' lang='lat' dir='ltr'><strong>ad</strong></span> <span class='ocrx_word' id='word_1_755' title='bbox 1907 2190 1968 2215; x_wconf 90' lang='lat' dir='ltr'><strong>me</strong></span> <span class='ocrx_word' id='word_1_756' title='bbox 1994 2178 2040 2215; x_wconf 88' lang='lat' dir='ltr'><strong>de</strong></span> <span class='ocrx_word' id='word_1_757' title='bbox 2067 2184 2179 2215; x_wconf 88' lang='lat' dir='ltr'><strong>terra.</strong></span> 
     </span>
    </p>

    <p class='ocr_par' dir='ltr' id='par_1_39' title="bbox 1465 2231 2525 2967">
     <span class='ocr_line' id='line_1_108' title="bbox 1519 2231 2525 2280; baseline 0.001 -13"><span class='ocrx_word' id='word_1_758' title='bbox 1519 2232 1577 2268; x_wconf 84' lang='lat' dir='ltr'><strong>An</strong></span> <span class='ocrx_word' id='word_1_759' title='bbox 1605 2242 1794 2268; x_wconf 79' lang='lat' dir='ltr'>SECUNDUM</span> <span class='ocrx_word' id='word_1_760' title='bbox 1830 2243 2014 2268; x_wconf 79' lang='lat' dir='ltr'><strong>DtCENDUM</strong></span> <span class='ocrx_word' id='word_1_761' title='bbox 2052 2232 2156 2280; x_wconf 93' lang='lat' dir='ltr'><strong>quod</strong></span> <span class='ocrx_word' id='word_1_762' title='bbox 2183 2231 2335 2280; x_wconf 88' lang='lat' dir='ltr'><strong>publica</strong></span> <span class='ocrx_word' id='word_1_763' title='bbox 2371 2232 2525 2269; x_wconf 85' lang='lat' dir='ltr'><strong>infamia</strong></span> 
     </span>
     <span class='ocr_line' id='line_1_109' title="bbox 1465 2283 2521 2333; baseline 0.001 -13"><span class='ocrx_word' id='word_1_764' title='bbox 1465 2284 1580 2321; x_wconf 87' lang='lat' dir='ltr'><strong>habet</strong></span> <span class='ocrx_word' id='word_1_765' title='bbox 1607 2284 1734 2320; x_wconf 92' lang='lat' dir='ltr'><strong>locum</strong></span> <span class='ocrx_word' id='word_1_766' title='bbox 1763 2284 2004 2321; x_wconf 89' lang='lat' dir='ltr'><strong>accusatoris.</strong></span> <span class='ocrx_word' id='word_1_767' title='bbox 2034 2284 2145 2321; x_wconf 92' lang='lat' dir='ltr'><strong>Unde</strong></span> <span class='ocrx_word' id='word_1_768' title='bbox 2174 2296 2288 2333; x_wconf 91' lang='lat' dir='ltr'><strong>super</strong></span> <span class='ocrx_word' id='word_1_769' title='bbox 2314 2283 2406 2321; x_wconf 91' lang='lat' dir='ltr'><strong>illud</strong></span> <span class='ocrx_word' id='word_1_770' title='bbox 2429 2285 2521 2322; x_wconf 90' lang='lat' dir='ltr'><strong>Gen.</strong></span> 
     </span>
     <span class='ocr_line' id='line_1_110' title="bbox 1466 2336 2522 2388; baseline 0.001 -15"><span class='ocrx_word' id='word_1_771' title='bbox 1466 2349 1502 2373; x_wconf 91' lang='lat' dir='ltr'><strong>1v</strong></span> <span class='ocrx_word' id='word_1_772' title='bbox 1514 2336 1654 2388; x_wconf 45' lang='lat' dir='ltr'><strong>*uVox</strong></span> <span class='ocrx_word' id='word_1_773' title='bbox 1670 2337 1866 2386; x_wconf 83' lang='lat' dir='ltr'><strong>sanguinis</strong></span> <span class='ocrx_word' id='word_1_774' title='bbox 1874 2337 2014 2385; x_wconf 86' lang='lat' dir='ltr'><strong>fratris</strong></span> <span class='ocrx_word' id='word_1_775' title='bbox 2033 2338 2088 2374; x_wconf 86' lang='lat' dir='ltr'><strong>tui</strong></span> <span class='ocrx_word' id='word_1_776' title='bbox 2105 2345 2187 2383; x_wconf 90' lang='lat' dir='ltr'><strong>etc.,</strong></span> <span class='ocrx_word' id='word_1_777' title='bbox 2206 2337 2293 2374; x_wconf 89' lang='lat' dir='ltr'><strong>dicit</strong></span> <span class='ocrx_word' id='word_1_778' title='bbox 2311 2337 2448 2374; x_wconf 91' lang='lat' dir='ltr'><strong>Glossa</strong></span> <span class='ocrx_word' id='word_1_779' title='bbox 2466 2337 2522 2374; x_wconf 76' lang='lat'><strong>**:</strong></span> 
     </span>
     <span class='ocr_line' id='line_1_111' title="bbox 1465 2389 2523 2439; baseline 0.001 -13"><span class='ocrx_word' id='word_1_780' title='bbox 1465 2389 1661 2427; x_wconf 84' lang='lat' dir='ltr'><strong>Evidentia</strong></span> <span class='ocrx_word' id='word_1_781' title='bbox 1675 2390 1821 2438; x_wconf 82' lang='lat' dir='ltr'><strong>patrati</strong></span> <span class='ocrx_word' id='word_1_782' title='bbox 1836 2389 1849 2415; x_wconf 77' lang='lat' dir='ltr'><strong>t</strong></span> <span class='ocrx_word' id='word_1_783' title='bbox 1876 2390 2025 2426; x_wconf 87' lang='lat' dir='ltr'><strong>sceleris</strong></span> <span class='ocrx_word' id='word_1_784' title='bbox 2042 2395 2262 2427; x_wconf 88' lang='lat' dir='ltr'><strong>accusatore</strong></span> <span class='ocrx_word' id='word_1_785' title='bbox 2285 2402 2358 2427; x_wconf 91' lang='lat' dir='ltr'><strong>non</strong></span> <span class='ocrx_word' id='word_1_786' title='bbox 2388 2396 2482 2439; x_wconf 83' lang='lat' dir='ltr'><strong>eget.</strong></span> <span class='ocrx_word' id='word_1_787' title='bbox 2500 2411 2523 2418; x_wconf 89' lang='lat'>-</span> 
     </span>
     <span class='ocr_line' id='line_1_112' title="bbox 1467 2442 2523 2492; baseline 0.001 -13"><span class='ocrx_word' id='word_1_788' title='bbox 1467 2444 1508 2479; x_wconf 91' lang='lat' dir='ltr'><strong>In</strong></span> <span class='ocrx_word' id='word_1_789' title='bbox 1538 2442 1822 2480; x_wconf 88' lang='lat' dir='ltr'><strong>denuntiatione</strong></span> <span class='ocrx_word' id='word_1_790' title='bbox 1849 2455 1955 2490; x_wconf 90' lang='lat' dir='ltr'><strong>ver0,</strong></span> <span class='ocrx_word' id='word_1_791' title='bbox 1978 2443 2071 2479; x_wconf 93' lang='lat' dir='ltr'><strong>sicut</strong></span> <span class='ocrx_word' id='word_1_792' title='bbox 2099 2455 2213 2492; x_wconf 90' lang='lat' dir='ltr'><strong>supra</strong></span> <span class='ocrx_word' id='word_1_793' title='bbox 2231 2442 2252 2464; x_wconf 78' lang='lat'>*</span> <span class='ocrx_word' id='word_1_794' title='bbox 2281 2442 2421 2479; x_wconf 89' lang='lat' dir='ltr'><strong>dictum</strong></span> <span class='ocrx_word' id='word_1_795' title='bbox 2451 2451 2523 2491; x_wconf 89' lang='lat' dir='ltr'><strong>est,</strong></span> 
     </span>
     <span class='ocr_line' id='line_1_113' title="bbox 1466 2495 2522 2544; baseline 0.001 -12"><span class='ocrx_word' id='word_1_796' title='bbox 1466 2508 1542 2533; x_wconf 91' lang='lat' dir='ltr'><strong>non</strong></span> <span class='ocrx_word' id='word_1_797' title='bbox 1572 2495 1775 2532; x_wconf 89' lang='lat' dir='ltr'><strong>intenditur</strong></span> <span class='ocrx_word' id='word_1_798' title='bbox 1793 2495 1939 2544; x_wconf 87' lang='lat' dir='ltr'><strong>punitio</strong></span> <span class='ocrx_word' id='word_1_799' title='bbox 1967 2495 2168 2544; x_wconf 88' lang='lat' dir='ltr'><strong>peccantis,</strong></span> <span class='ocrx_word' id='word_1_800' title='bbox 2190 2496 2258 2532; x_wconf 90' lang='lat' dir='ltr'><strong>sed</strong></span> <span class='ocrx_word' id='word_1_801' title='bbox 2287 2496 2522 2533; x_wconf 91' lang='lat' dir='ltr'><strong>emendatio:</strong></span> 
     </span>
     <span class='ocr_line' id='line_1_114' title="bbox 1466 2548 2523 2597; baseline 0.001 -12"><span class='ocrx_word' id='word_1_802' title='bbox 1466 2556 1503 2585; x_wconf 89' lang='lat' dir='ltr'><strong>et</strong></span> <span class='ocrx_word' id='word_1_803' title='bbox 1530 2548 1617 2585; x_wconf 90' lang='lat' dir='ltr'><strong>ideo</strong></span> <span class='ocrx_word' id='word_1_804' title='bbox 1646 2548 1736 2585; x_wconf 91' lang='lat' dir='ltr'><strong>nihil</strong></span> <span class='ocrx_word' id='word_1_805' title='bbox 1766 2548 1885 2596; x_wconf 84' lang='lat' dir='ltr'><strong>agitur</strong></span> <span class='ocrx_word' id='word_1_806' title='bbox 1913 2556 2043 2586; x_wconf 89' lang='lat' dir='ltr'><strong>contra</strong></span> <span class='ocrx_word' id='word_1_807' title='bbox 2071 2561 2160 2585; x_wconf 92' lang='lat' dir='ltr'><strong>eum</strong></span> <span class='ocrx_word' id='word_1_808' title='bbox 2191 2548 2296 2585; x_wconf 89' lang='lat' dir='ltr'><strong>cuius</strong></span> <span class='ocrx_word' id='word_1_809' title='bbox 2323 2557 2523 2597; x_wconf 89' lang='lat' dir='ltr'><strong>peccatum</strong></span> 
     </span>
     <span class='ocr_line' id='line_1_115' title="bbox 1466 2601 2524 2650; baseline 0 -12"><span class='ocrx_word' id='word_1_810' title='bbox 1466 2601 1719 2647; x_wconf 86' lang='lat' dir='ltr'><strong>denuntiatur,</strong></span> <span class='ocrx_word' id='word_1_811' title='bbox 1740 2601 1808 2638; x_wconf 91' lang='lat' dir='ltr'><strong>sed</strong></span> <span class='ocrx_word' id='word_1_812' title='bbox 1826 2613 1896 2650; x_wconf 93' lang='lat' dir='ltr'><strong>pro</strong></span> <span class='ocrx_word' id='word_1_813' title='bbox 1926 2614 1985 2638; x_wconf 93' lang='lat' dir='ltr'><strong>eo.</strong></span> <span class='ocrx_word' id='word_1_814' title='bbox 2014 2602 2063 2638; x_wconf 92' lang='lat' dir='ltr'><strong>Et</strong></span> <span class='ocrx_word' id='word_1_815' title='bbox 2086 2602 2172 2639; x_wconf 89' lang='lat' dir='ltr'><strong>ideo</strong></span> <span class='ocrx_word' id='word_1_816' title='bbox 2202 2614 2280 2638; x_wconf 91' lang='lat' dir='ltr'><strong>non</strong></span> <span class='ocrx_word' id='word_1_817' title='bbox 2308 2610 2363 2638; x_wconf 90' lang='lat' dir='ltr'><strong>est</strong></span> <span class='ocrx_word' id='word_1_818' title='bbox 2390 2602 2441 2638; x_wconf 91' lang='lat' dir='ltr'><strong>ibi</strong></span> <span class='ocrx_word' id='word_1_819' title='bbox 2461 2614 2524 2638; x_wconf 90' lang='lat' dir='ltr'><strong>ne-</strong></span> 
     </span>
     <span class='ocr_line' id='line_1_116' title="bbox 1466 2654 2524 2703; baseline 0 -12"><span class='ocrx_word' id='word_1_820' title='bbox 1466 2654 1650 2691; x_wconf 88' lang='lat' dir='ltr'><strong>cessarius</strong></span> <span class='ocrx_word' id='word_1_821' title='bbox 1687 2662 1894 2691; x_wconf 88' lang='lat' dir='ltr'><strong>accusator.</strong></span> <span class='ocrx_word' id='word_1_822' title='bbox 1933 2655 2063 2691; x_wconf 89' lang='lat' dir='ltr'><strong>Poena</strong></span> <span class='ocrx_word' id='word_1_823' title='bbox 2092 2662 2218 2691; x_wconf 90' lang='lat' dir='ltr'><strong>autem</strong></span> <span class='ocrx_word' id='word_1_824' title='bbox 2247 2654 2402 2691; x_wconf 85' lang='lat' dir='ltr'><strong>infertur</strong></span> <span class='ocrx_word' id='word_1_825' title='bbox 2437 2667 2524 2703; x_wconf 91' lang='lat' dir='ltr'><strong>pro—</strong></span> 
     </span>
     <span class='ocr_line' id='line_1_117' title="bbox 1466 2707 2524 2756; baseline 0 -12"><span class='ocrx_word' id='word_1_826' title='bbox 1466 2715 1549 2756; x_wconf 89' lang='lat' dir='ltr'><strong>pter</strong></span> <span class='ocrx_word' id='word_1_827' title='bbox 1576 2707 1824 2744; x_wconf 86' lang='lat' dir='ltr'><strong>rebellionem</strong></span> <span class='ocrx_word' id='word_1_828' title='bbox 1845 2707 1893 2744; x_wconf 92' lang='lat' dir='ltr'><strong>ad</strong></span> <span class='ocrx_word' id='word_1_829' title='bbox 1921 2707 2153 2744; x_wconf 85' lang='lat' dir='ltr'><strong>Ecclesiam:</strong></span> <span class='ocrx_word' id='word_1_830' title='bbox 2182 2719 2294 2755; x_wconf 84' lang='lat' dir='ltr'><strong>quae,</strong></span> <span class='ocrx_word' id='word_1_831' title='bbox 2315 2707 2403 2756; x_wconf 85' lang='lat' dir='ltr'><strong>quia</strong></span> <span class='ocrx_word' id='word_1_832' title='bbox 2421 2712 2440 2734; x_wconf 66' lang='grc' dir='ltr'>η</span> <span class='ocrx_word' id='word_1_833' title='bbox 2470 2715 2524 2744; x_wconf 89' lang='lat' dir='ltr'><strong>est</strong></span> 
     </span>
     <span class='ocr_line' id='line_1_118' title="bbox 1466 2759 2523 2807; baseline -0.001 -10"><span class='ocrx_word' id='word_1_834' title='bbox 1466 2759 1676 2807; x_wconf 85' lang='lat' dir='ltr'><strong>manifesta,</strong></span> <span class='ocrx_word' id='word_1_835' title='bbox 1701 2767 1805 2797; x_wconf 90' lang='lat' dir='ltr'><strong>tenet</strong></span> <span class='ocrx_word' id='word_1_836' title='bbox 1831 2761 1959 2797; x_wconf 90' lang='lat' dir='ltr'><strong>locum</strong></span> <span class='ocrx_word' id='word_1_837' title='bbox 1994 2760 2232 2797; x_wconf 87' lang='lat' dir='ltr'><strong>accusatoris.</strong></span> <span class='ocrx_word' id='word_1_838' title='bbox 2254 2782 2277 2789; x_wconf 87' lang='lat'><em>-</em></span> <span class='ocrx_word' id='word_1_839' title='bbox 2297 2760 2355 2796; x_wconf 86' lang='lat' dir='ltr'><strong>Ex</strong></span> <span class='ocrx_word' id='word_1_840' title='bbox 2383 2772 2429 2796; x_wconf 91' lang='lat' dir='ltr'><strong>eo</strong></span> <span class='ocrx_word' id='word_1_841' title='bbox 2458 2773 2523 2797; x_wconf 86' lang='lat' dir='ltr'><strong>au-</strong></span> 
     </span>
     <span class='ocr_line' id='line_1_119' title="bbox 1465 2811 2523 2862; baseline -0.001 -12"><span class='ocrx_word' id='word_1_842' title='bbox 1465 2821 1542 2850; x_wconf 93' lang='lat' dir='ltr'><strong>tem</strong></span> <span class='ocrx_word' id='word_1_843' title='bbox 1564 2814 1667 2862; x_wconf 88' lang='lat' dir='ltr'><strong>quod</strong></span> <span class='ocrx_word' id='word_1_844' title='bbox 1695 2813 1776 2861; x_wconf 89' lang='lat' dir='ltr'><strong>ipse</strong></span> <span class='ocrx_word' id='word_1_845' title='bbox 1795 2812 1909 2850; x_wconf 89' lang='lat' dir='ltr'><strong>iudex</strong></span> <span class='ocrx_word' id='word_1_846' title='bbox 1936 2811 2050 2860; x_wconf 87' lang='lat' dir='ltr'><strong>videt,</strong></span> <span class='ocrx_word' id='word_1_847' title='bbox 2071 2825 2149 2849; x_wconf 91' lang='lat' dir='ltr'><strong>non</strong></span> <span class='ocrx_word' id='word_1_848' title='bbox 2167 2819 2292 2861; x_wconf 87' lang='lat' dir='ltr'><strong>potest</strong></span> <span class='ocrx_word' id='word_1_849' title='bbox 2318 2814 2523 2860; x_wconf 90' lang='lat' dir='ltr'><strong>procedere</strong></span> 
     </span>
     <span class='ocr_line' id='line_1_120' title="bbox 1465 2864 2521 2912; baseline 0 -10"><span class='ocrx_word' id='word_1_850' title='bbox 1465 2867 1514 2903; x_wconf 91' lang='lat' dir='ltr'><strong>ad</strong></span> <span class='ocrx_word' id='word_1_851' title='bbox 1543 2865 1768 2902; x_wconf 85' lang='lat' dir='ltr'><strong>sententiam</strong></span> <span class='ocrx_word' id='word_1_852' title='bbox 1787 2866 1994 2912; x_wconf 90' lang='lat' dir='ltr'><strong>ferendam,</strong></span> <span class='ocrx_word' id='word_1_853' title='bbox 2015 2864 2086 2902; x_wconf 92' lang='lat' dir='ltr'><strong>nisi</strong></span> <span class='ocrx_word' id='word_1_854' title='bbox 2110 2865 2322 2902; x_wconf 88' lang='lat' dir='ltr'><strong>secundum</strong></span> <span class='ocrx_word' id='word_1_855' title='bbox 2347 2865 2521 2902; x_wconf 88' lang='lat' dir='ltr'><strong>ordinem</strong></span> 
     </span>
     <span class='ocr_line' id='line_1_121' title="bbox 1466 2917 1770 2967; baseline 0 -13"><span class='ocrx_word' id='word_1_856' title='bbox 1466 2917 1606 2967; x_wconf 90' lang='lat' dir='ltr'><strong>publici</strong></span> <span class='ocrx_word' id='word_1_857' title='bbox 1633 2917 1770 2955; x_wconf 91' lang='lat' dir='ltr'><strong>iudicii.</strong></span> 
     </span>
    </p>

    <p class='ocr_par' dir='ltr' id='par_1_40' title="bbox 1465 2970 2523 3335">
     <span class='ocr_line' id='line_1_122' title="bbox 1519 2970 2522 3019; baseline 0.001 -12"><span class='ocrx_word' id='word_1_858' title='bbox 1519 2973 1577 3007; x_wconf 83' lang='lat' dir='ltr'><strong>AD</strong></span> <span class='ocrx_word' id='word_1_859' title='bbox 1596 2982 1756 3008; x_wconf 71' lang='lat' dir='ltr'><strong>TER’riuM</strong></span> <span class='ocrx_word' id='word_1_860' title='bbox 1775 2981 1958 3007; x_wconf 69' lang='lat' dir='ltr'><strong>mei-:noum</strong></span> <span class='ocrx_word' id='word_1_861' title='bbox 1982 2970 2085 3019; x_wconf 92' lang='lat' dir='ltr'><strong>quod</strong></span> <span class='ocrx_word' id='word_1_862' title='bbox 2105 2970 2210 3007; x_wconf 90' lang='lat' dir='ltr'><strong>Deus</strong></span> <span class='ocrx_word' id='word_1_863' title='bbox 2229 2970 2266 3007; x_wconf 89' lang='lat' dir='ltr'><strong>in</strong></span> <span class='ocrx_word' id='word_1_864' title='bbox 2287 2982 2356 3007; x_wconf 91' lang='lat' dir='ltr'><strong>suo</strong></span> <span class='ocrx_word' id='word_1_865' title='bbox 2385 2971 2522 3008; x_wconf 90' lang='lat' dir='ltr'><strong>iudicio</strong></span> 
     </span>
     <span class='ocr_line' id='line_1_123' title="bbox 1467 3022 2523 3073; baseline 0 -13"><span class='ocrx_word' id='word_1_866' title='bbox 1467 3023 1637 3073; x_wconf 91' lang='lat' dir='ltr'><strong>procedit</strong></span> <span class='ocrx_word' id='word_1_867' title='bbox 1665 3035 1709 3060; x_wconf 89' lang='lat' dir='ltr'><strong>ex</strong></span> <span class='ocrx_word' id='word_1_868' title='bbox 1736 3023 1890 3072; x_wconf 91' lang='lat' dir='ltr'><strong>propria</strong></span> <span class='ocrx_word' id='word_1_869' title='bbox 1918 3023 2048 3060; x_wconf 89' lang='lat' dir='ltr'><strong>notitia</strong></span> <span class='ocrx_word' id='word_1_870' title='bbox 2075 3022 2261 3070; x_wconf 88' lang='lat' dir='ltr'><strong>veritatis,</strong></span> <span class='ocrx_word' id='word_1_871' title='bbox 2289 3035 2367 3060; x_wconf 91' lang='lat' dir='ltr'><strong>non</strong></span> <span class='ocrx_word' id='word_1_872' title='bbox 2395 3031 2523 3061; x_wconf 90' lang='lat' dir='ltr'><strong>autem</strong></span> 
     </span>
     <span class='ocr_line' id='line_1_124' title="bbox 1466 3075 2523 3125; baseline -0.001 -11"><span class='ocrx_word' id='word_1_873' title='bbox 1466 3078 1596 3123; x_wconf 87' lang='lat' dir='ltr'><strong>homo,</strong></span> <span class='ocrx_word' id='word_1_874' title='bbox 1616 3084 1658 3113; x_wconf 91' lang='lat' dir='ltr'><strong>ut</strong></span> <span class='ocrx_word' id='word_1_875' title='bbox 1677 3088 1790 3125; x_wconf 90' lang='lat' dir='ltr'><strong>supra</strong></span> <span class='ocrx_word' id='word_1_876' title='bbox 1807 3075 1828 3098; x_wconf 66' lang='lat'><strong>‘⁸‘</strong></span> <span class='ocrx_word' id='word_1_877' title='bbox 1857 3075 1998 3114; x_wconf 90' lang='lat' dir='ltr'><strong>dictum</strong></span> <span class='ocrx_word' id='word_1_878' title='bbox 2027 3084 2094 3114; x_wconf 90' lang='lat' dir='ltr'><strong>est.</strong></span> <span class='ocrx_word' id='word_1_879' title='bbox 2124 3076 2172 3113; x_wconf 90' lang='lat' dir='ltr'><strong>Et</strong></span> <span class='ocrx_word' id='word_1_880' title='bbox 2190 3076 2277 3113; x_wconf 92' lang='lat' dir='ltr'><strong>ideo</strong></span> <span class='ocrx_word' id='word_1_881' title='bbox 2306 3077 2425 3113; x_wconf 87' lang='lat' dir='ltr'><strong>homo</strong></span> <span class='ocrx_word' id='word_1_882' title='bbox 2445 3089 2523 3113; x_wconf 92' lang='lat' dir='ltr'><strong>non</strong></span> 
     </span>
     <span class='ocr_line' id='line_1_125' title="bbox 1465 3129 2523 3179; baseline 0 -13"><span class='ocrx_word' id='word_1_883' title='bbox 1465 3137 1590 3179; x_wconf 89' lang='lat' dir='ltr'><strong>potest</strong></span> <span class='ocrx_word' id='word_1_884' title='bbox 1609 3141 1690 3166; x_wconf 91' lang='lat' dir='ltr'><strong>esse</strong></span> <span class='ocrx_word' id='word_1_885' title='bbox 1715 3129 1826 3166; x_wconf 90' lang='lat' dir='ltr'><strong>simul</strong></span> <span class='ocrx_word' id='word_1_886' title='bbox 1851 3136 2059 3176; x_wconf 86' lang='lat' dir='ltr'><strong>accusator,</strong></span> <span class='ocrx_word' id='word_1_887' title='bbox 2087 3129 2199 3166; x_wconf 88' lang='lat' dir='ltr'><strong>iudex</strong></span> <span class='ocrx_word' id='word_1_888' title='bbox 2231 3136 2267 3166; x_wconf 90' lang='lat' dir='ltr'><strong>et</strong></span> <span class='ocrx_word' id='word_1_889' title='bbox 2293 3129 2408 3174; x_wconf 89' lang='lat' dir='ltr'><strong>testis,</strong></span> <span class='ocrx_word' id='word_1_890' title='bbox 2429 3129 2523 3166; x_wconf 90' lang='lat' dir='ltr'><strong>sicut</strong></span> 
     </span>
     <span class='ocr_line' id='line_1_126' title="bbox 1465 3181 2522 3220; baseline 0 -1"><span class='ocrx_word' id='word_1_891' title='bbox 1465 3184 1582 3220; x_wconf 91' lang='lat' dir='ltr'><strong>Deus.</strong></span> <span class='ocrx_word' id='word_1_892' title='bbox 1612 3183 1748 3219; x_wconf 89' lang='lat' dir='ltr'><strong>Daniel</strong></span> <span class='ocrx_word' id='word_1_893' title='bbox 1768 3189 1894 3219; x_wconf 88' lang='lat' dir='ltr'><strong>autem</strong></span> <span class='ocrx_word' id='word_1_894' title='bbox 1914 3190 2110 3219; x_wconf 86' lang='lat' dir='ltr'><strong>accusator</strong></span> <span class='ocrx_word' id='word_1_895' title='bbox 2128 3182 2196 3219; x_wconf 86' lang='lat' dir='ltr'><strong>fuit</strong></span> <span class='ocrx_word' id='word_1_896' title='bbox 2215 3181 2327 3219; x_wconf 90' lang='lat' dir='ltr'><strong>simul</strong></span> <span class='ocrx_word' id='word_1_897' title='bbox 2357 3190 2392 3218; x_wconf 91' lang='lat' dir='ltr'><strong>et</strong></span> <span class='ocrx_word' id='word_1_898' title='bbox 2410 3182 2522 3219; x_wconf 91' lang='lat' dir='ltr'><strong>iudex</strong></span> 
     </span>
     <span class='ocr_line' id='line_1_127' title="bbox 1465 3234 2521 3284; baseline -0.002 -11"><span class='ocrx_word' id='word_1_899' title='bbox 1465 3235 1573 3284; x_wconf 91' lang='lat' dir='ltr'><strong>quasi</strong></span> <span class='ocrx_word' id='word_1_900' title='bbox 1603 3235 1718 3272; x_wconf 89' lang='lat' dir='ltr'><strong>divini</strong></span> <span class='ocrx_word' id='word_1_901' title='bbox 1747 3234 1872 3272; x_wconf 89' lang='lat' dir='ltr'><strong>iudicii</strong></span> <span class='ocrx_word' id='word_1_902' title='bbox 1902 3243 2089 3282; x_wconf 87' lang='lat' dir='ltr'><strong>executor,</strong></span> <span class='ocrx_word' id='word_1_903' title='bbox 2113 3235 2217 3272; x_wconf 89' lang='lat' dir='ltr'><strong>cuius</strong></span> <span class='ocrx_word' id='word_1_904' title='bbox 2236 3235 2410 3272; x_wconf 90' lang='lat' dir='ltr'><strong>instinctu</strong></span> <span class='ocrx_word' id='word_1_905' title='bbox 2439 3248 2521 3272; x_wconf 92' lang='lat' dir='ltr'><strong>mo-</strong></span> 
     </span>
     <span class='ocr_line' id='line_1_128' title="bbox 1465 3288 2000 3335; baseline 0 -10"><span class='ocrx_word' id='word_1_906' title='bbox 1465 3289 1637 3335; x_wconf 85' lang='lat' dir='ltr'><strong>vebatur,</strong></span> <span class='ocrx_word' id='word_1_907' title='bbox 1657 3295 1698 3325; x_wconf 92' lang='lat' dir='ltr'><strong>ut</strong></span> <span class='ocrx_word' id='word_1_908' title='bbox 1727 3288 1867 3325; x_wconf 90' lang='lat' dir='ltr'><strong>dictum</strong></span> <span class='ocrx_word' id='word_1_909' title='bbox 1896 3295 1952 3325; x_wconf 90' lang='lat' dir='ltr'><strong>est</strong></span> <span class='ocrx_word' id='word_1_910' title='bbox 1969 3288 2000 3325; x_wconf 73' lang='lat'><strong>²¹².</strong></span> 
     </span>
    </p>
   </div>
   <div class='ocr_carea' id='block_1_33' title="bbox 1252 3366 1825 3373">
    <p class='ocr_par' dir='ltr' id='par_1_41' title="bbox 1252 3366 1825 3373">
     <span class='ocr_line' id='line_1_129' title="bbox 1252 3366 1825 3373; baseline 0 0"><span class='ocrx_word' id='word_1_911' title='bbox 1252 3366 1825 3373; x_wconf 95' lang='lat' dir='ltr'><strong> </strong></span> 
     </span>
    </p>
   </div>
   <div class='ocr_carea' id='block_1_34' title="bbox 405 3401 922 3574">
    <p class='ocr_par' dir='ltr' id='par_1_42' title="bbox 406 3401 919 3470">
     <span class='ocr_line' id='line_1_130' title="bbox 406 3401 919 3434; baseline -0.002 -8"><span class='ocrx_word' id='word_1_912' title='bbox 406 3402 434 3434; x_wconf 82' lang='grc' dir='ltr'><strong>α)</strong></span> <span class='ocrx_word' id='word_1_913' title='bbox 452 3402 530 3427; x_wconf 87' lang='lat' dir='ltr'><strong>alius.</strong></span> <span class='ocrx_word' id='word_1_914' title='bbox 543 3415 563 3420; x_wconf 97' lang='lat'>-</span> <span class='ocrx_word' id='word_1_915' title='bbox 580 3402 675 3434; x_wconf 78' lang='lat' dir='ltr'><strong>aliquis</strong></span> <span class='ocrx_word' id='word_1_916' title='bbox 694 3401 789 3430; x_wconf 78' lang='lat' dir='ltr'><strong>PDHa,</strong></span> <span class='ocrx_word' id='word_1_917' title='bbox 808 3401 883 3426; x_wconf 86' lang='lat' dir='ltr'><strong>aliud</strong></span> <span class='ocrx_word' id='word_1_918' title='bbox 902 3401 919 3426; x_wconf 91' lang='grc' dir='ltr'><strong>Ι.</strong></span> 
     </span>
     <span class='ocr_line' id='line_1_131' title="bbox 406 3436 768 3470; baseline -0.003 -8"><span class='ocrx_word' id='word_1_919' title='bbox 406 3436 431 3470; x_wconf 84' lang='grc' dir='ltr'><strong>β)</strong></span> <span class='ocrx_word' id='word_1_920' title='bbox 450 3437 543 3462; x_wconf 81' lang='lat' dir='ltr'><strong>alium.</strong></span> <span class='ocrx_word' id='word_1_921' title='bbox 554 3451 572 3456; x_wconf 99' lang='lat'>—</span> <span class='ocrx_word' id='word_1_922' title='bbox 589 3438 703 3469; x_wconf 81' lang='lat' dir='ltr'><strong>aliquem</strong></span> <span class='ocrx_word' id='word_1_923' title='bbox 723 3437 768 3461; x_wconf 79' lang='lat' dir='ltr'><strong>Pa.</strong></span> 
     </span>
    </p>

    <p class='ocr_par' dir='ltr' id='par_1_43' title="bbox 405 3472 862 3506">
     <span class='ocr_line' id='line_1_132' title="bbox 405 3472 862 3506; baseline -0.002 -9"><span class='ocrx_word' id='word_1_924' title='bbox 405 3473 432 3506; x_wconf 82' lang='grc' dir='ltr'><strong>γ)</strong></span> <span class='ocrx_word' id='word_1_925' title='bbox 452 3473 568 3498; x_wconf 80' lang='lat' dir='ltr'><strong>damnet.</strong></span> <span class='ocrx_word' id='word_1_926' title='bbox 581 3486 600 3491; x_wconf 94' lang='lat'><em>-</em></span> <span class='ocrx_word' id='word_1_927' title='bbox 617 3472 773 3497; x_wconf 81' lang='lat' dir='ltr'><strong>condemnet</strong></span> <span class='ocrx_word' id='word_1_928' title='bbox 791 3472 862 3497; x_wconf 85' lang='lat' dir='ltr'><strong>PDa.</strong></span> 
     </span>
    </p>

    <p class='ocr_par' dir='ltr' id='par_1_44' title="bbox 406 3506 763 3539">
     <span class='ocr_line' id='line_1_133' title="bbox 406 3506 763 3539; baseline 0.003 -8"><span class='ocrx_word' id='word_1_929' title='bbox 406 3506 431 3539; x_wconf 82' lang='grc' dir='ltr'><strong>ὃ)</strong></span> <span class='ocrx_word' id='word_1_930' title='bbox 450 3508 525 3533; x_wconf 85' lang='lat' dir='ltr'><strong>ad.-</strong></span> <span class='ocrx_word' id='word_1_931' title='bbox 543 3508 661 3533; x_wconf 85' lang='lat' dir='ltr'><strong>homines</strong></span> <span class='ocrx_word' id='word_1_932' title='bbox 679 3508 715 3532; x_wconf 89' lang='lat' dir='ltr'><strong>ad</strong></span> <span class='ocrx_word' id='word_1_933' title='bbox 735 3508 763 3532; x_wconf 86' lang='lat' dir='ltr'><strong>P.</strong></span> 
     </span>
    </p>

    <p class='ocr_par' dir='ltr' id='par_1_45' title="bbox 407 3543 922 3574">
     <span class='ocr_line' id='line_1_134' title="bbox 407 3543 922 3574; baseline -0.002 -7"><span class='ocrx_word' id='word_1_934' title='bbox 407 3543 428 3574; x_wconf 89' lang='grc' dir='ltr'><strong>ε)</strong></span> <span class='ocrx_word' id='word_1_935' title='bbox 448 3543 648 3569; x_wconf 75' lang='lat' dir='ltr'><strong>obiiciebantur.</strong></span> <span class='ocrx_word' id='word_1_936' title='bbox 660 3556 680 3562; x_wconf 94' lang='lat'>-</span> <span class='ocrx_word' id='word_1_937' title='bbox 697 3543 857 3568; x_wconf 76' lang='lat' dir='ltr'><strong>obiiciantur</strong></span> <span class='ocrx_word' id='word_1_938' title='bbox 876 3543 922 3567; x_wconf 81' lang='lat' dir='ltr'><strong>Pa.</strong></span> 
     </span>
    </p>
   </div>
   <div class='ocr_carea' id='block_1_35' title="bbox 1435 1987 1443 3557">
    <p class='ocr_par' dir='ltr' id='par_1_46' title="bbox 1435 1987 1443 3557">
     <span class='ocr_line' id='line_1_135' title="bbox 1435 1987 1443 3557; baseline 0 0"><span class='ocrx_word' id='word_1_939' title='bbox 1435 1987 1443 3557; x_wconf 95' lang='lat' dir='ltr'><strong> </strong></span> 
     </span>
    </p>
   </div>
   <div class='ocr_carea' id='block_1_36' title="bbox 1463 3401 2521 3573">
    <p class='ocr_par' dir='ltr' id='par_1_47' title="bbox 1513 3401 1950 3434">
     <span class='ocr_line' id='line_1_136' title="bbox 1513 3401 1950 3434; baseline -0.002 -8"><span class='ocrx_word' id='word_1_940' title='bbox 1513 3401 1539 3434; x_wconf 81' lang='grc' dir='ltr'><strong>ζ)</strong></span> <span class='ocrx_word' id='word_1_941' title='bbox 1555 3402 1669 3434; x_wconf 84' lang='lat' dir='ltr'><strong>patrati.</strong></span> <span class='ocrx_word' id='word_1_942' title='bbox 1681 3416 1699 3420; x_wconf 99' lang='lat'><strong>—</strong></span> <span class='ocrx_word' id='word_1_943' title='bbox 1712 3401 1864 3433; x_wconf 78' lang='lat' dir='ltr'><strong>perpetrati</strong></span> <span class='ocrx_word' id='word_1_944' title='bbox 1882 3401 1950 3426; x_wconf 88' lang='lat' dir='ltr'><strong>PLa.</strong></span> 
     </span>
    </p>

    <p class='ocr_par' dir='ltr' id='par_1_48' title="bbox 1463 3436 2521 3573">
     <span class='ocr_line' id='line_1_137' title="bbox 1516 3436 2521 3469; baseline -0.002 -7"><span class='ocrx_word' id='word_1_945' title='bbox 1516 3438 1543 3468; x_wconf 89' lang='grc' dir='ltr'><strong>η)</strong></span> <span class='ocrx_word' id='word_1_946' title='bbox 1562 3437 1634 3469; x_wconf 84' lang='lat' dir='ltr'><strong>quia.</strong></span> <span class='ocrx_word' id='word_1_947' title='bbox 1646 3451 1664 3456; x_wconf 93' lang='lat'><em>-</em></span> <span class='ocrx_word' id='word_1_948' title='bbox 1682 3437 1762 3462; x_wconf 86' lang='lat' dir='ltr'><strong>etiam</strong></span> <span class='ocrx_word' id='word_1_949' title='bbox 1776 3437 1805 3466; x_wconf 80' lang='lat' dir='ltr'><strong>E.</strong></span> <span class='ocrx_word' id='word_1_950' title='bbox 1823 3437 1928 3468; x_wconf 82' lang='lat' dir='ltr'><strong>quidem</strong></span> <span class='ocrx_word' id='word_1_951' title='bbox 1945 3437 1961 3467; x_wconf 88' lang='lat'><strong>1,</strong></span> <span class='ocrx_word' id='word_1_952' title='bbox 1975 3444 2027 3460; x_wconf 89' lang='lat' dir='ltr'><strong>om.</strong></span> <span class='ocrx_word' id='word_1_953' title='bbox 2041 3444 2072 3465; x_wconf 66' lang='lat'><strong>143</strong></span> <span class='ocrx_word' id='word_1_954' title='bbox 2092 3439 2162 3461; x_wconf 80' lang='lat' dir='ltr'><strong>tenet</strong></span> <span class='ocrx_word' id='word_1_955' title='bbox 2181 3437 2265 3461; x_wconf 81' lang='lat' dir='ltr'><strong>locum</strong></span> <span class='ocrx_word' id='word_1_956' title='bbox 2285 3436 2447 3461; x_wconf 81' lang='lat' dir='ltr'><strong>accusatoris</strong></span> <span class='ocrx_word' id='word_1_957' title='bbox 2469 3444 2521 3460; x_wconf 90' lang='lat' dir='ltr'><strong>om.</strong></span> 
     </span>
     <span class='ocr_line' id='line_1_138' title="bbox 1463 3471 2521 3504; baseline -0.001 -8"><span class='ocrx_word' id='word_1_958' title='bbox 1463 3472 1674 3504; x_wconf 80' lang='lat' dir='ltr'><strong>ABEFHIKLpC</strong></span> <span class='ocrx_word' id='word_1_959' title='bbox 1694 3478 1719 3496; x_wconf 90' lang='lat' dir='ltr'><strong>et</strong></span> <span class='ocrx_word' id='word_1_960' title='bbox 1737 3479 1768 3501; x_wconf 79' lang='lat' dir='ltr'><strong>x;</strong></span> <span class='ocrx_word' id='word_1_961' title='bbox 1794 3475 1882 3496; x_wconf 85' lang='lat' dir='ltr'><strong>autem</strong></span> <span class='ocrx_word' id='word_1_962' title='bbox 1902 3480 1955 3496; x_wconf 87' lang='lat' dir='ltr'><strong>om.</strong></span> <span class='ocrx_word' id='word_1_963' title='bbox 1975 3471 2073 3502; x_wconf 81' lang='lat' dir='ltr'><strong>DGsK;</strong></span> <span class='ocrx_word' id='word_1_964' title='bbox 2100 3471 2172 3496; x_wconf 79' lang='lat' dir='ltr'><strong>videt</strong></span> <span class='ocrx_word' id='word_1_965' title='bbox 2195 3479 2249 3497; x_wconf 91' lang='lat' dir='ltr'><strong>om.</strong></span> <span class='ocrx_word' id='word_1_966' title='bbox 2274 3471 2521 3504; x_wconf 76' lang='lat' dir='ltr'><strong>DEFGLsBKpr;</strong></span> 
     </span>
     <span class='ocr_line' id='line_1_139' title="bbox 1463 3507 2520 3540; baseline -0.001 -9"><span class='ocrx_word' id='word_1_967' title='bbox 1463 3515 1511 3540; x_wconf 88' lang='lat' dir='ltr'><strong>pro</strong></span> <span class='ocrx_word' id='word_1_968' title='bbox 1530 3507 1588 3534; x_wconf 76' lang='lat' dir='ltr'><strong>nisi,</strong></span> <span class='ocrx_word' id='word_1_969' title='bbox 1605 3507 1649 3532; x_wconf 82' lang='lat' dir='ltr'><strong>ubi</strong></span> <span class='ocrx_word' id='word_1_970' title='bbox 1668 3508 1704 3536; x_wconf 84' lang='lat' dir='ltr'><strong>H;</strong></span> <span class='ocrx_word' id='word_1_971' title='bbox 1724 3512 1782 3539; x_wconf 88' lang='lat' dir='ltr'><strong>post</strong></span> <span class='ocrx_word' id='word_1_972' title='bbox 1803 3507 1894 3531; x_wconf 76' lang='lat' dir='ltr'><strong>iudicii</strong></span> <span class='ocrx_word' id='word_1_973' title='bbox 1913 3507 2010 3531; x_wconf 80' lang='lat' dir='ltr'><strong>addunt</strong></span> <span class='ocrx_word' id='word_1_974' title='bbox 2028 3510 2098 3531; x_wconf 79' lang='lat' dir='ltr'><strong>tenet</strong></span> <span class='ocrx_word' id='word_1_975' title='bbox 2117 3507 2199 3539; x_wconf 76' lang='lat' dir='ltr'><strong>(quod</strong></span> <span class='ocrx_word' id='word_1_976' title='bbox 2218 3510 2288 3532; x_wconf 85' lang='lat' dir='ltr'><strong>tenet</strong></span> <span class='ocrx_word' id='word_1_977' title='bbox 2307 3507 2356 3538; x_wconf 84' lang='lat' dir='ltr'><strong>Pa)</strong></span> <span class='ocrx_word' id='word_1_978' title='bbox 2374 3508 2458 3532; x_wconf 88' lang='lat' dir='ltr'><strong>Iocum</strong></span> <span class='ocrx_word' id='word_1_979' title='bbox 2478 3514 2520 3531; x_wconf 80' lang='lat' dir='ltr'><strong>ac-</strong></span> 
     </span>
     <span class='ocr_line' id='line_1_140' title="bbox 1463 3542 1975 3573; baseline -0.002 -6"><span class='ocrx_word' id='word_1_980' title='bbox 1463 3543 1595 3567; x_wconf 83' lang='lat' dir='ltr'><strong>cusatoris</strong></span> <span class='ocrx_word' id='word_1_981' title='bbox 1614 3542 1870 3573; x_wconf 77' lang='lat' dir='ltr'><strong>PABEFGHIKLpC</strong></span> <span class='ocrx_word' id='word_1_982' title='bbox 1890 3548 1914 3566; x_wconf 92' lang='lat' dir='ltr'><strong>et</strong></span> <span class='ocrx_word' id='word_1_983' title='bbox 1933 3549 1975 3566; x_wconf 74' lang='lat' dir='ltr'><strong>na.</strong></span> 
     </span>
    </p>
   </div>
   <div class='ocr_carea' id='block_1_37' title="bbox 2559 485 2630 503">
    <p class='ocr_par' dir='ltr' id='par_1_49' title="bbox 2559 485 2630 503">
     <span class='ocr_line' id='line_1_141' title="bbox 2559 485 2630 503; baseline 0 0"><span class='ocrx_word' id='word_1_984' title='bbox 2559 485 2630 503; x_wconf 85' lang='lat' dir='ltr'><strong>ment.</strong></span> 
     </span>
    </p>
   </div>
   <div class='ocr_carea' id='block_1_38' title="bbox 2557 718 2699 740">
    <p class='ocr_par' dir='ltr' id='par_1_50' title="bbox 2557 718 2699 740">
     <span class='ocr_line' id='line_1_142' title="bbox 2557 718 2699 740; baseline 0.007 -1"><span class='ocrx_word' id='word_1_985' title='bbox 2557 719 2567 728; x_wconf 81' lang='lat'>⁸</span> <span class='ocrx_word' id='word_1_986' title='bbox 2581 718 2654 740; x_wconf 85' lang='lat' dir='ltr'><strong>Num.</strong></span> <span class='ocrx_word' id='word_1_987' title='bbox 2668 724 2699 740; x_wconf 80' lang='lat' dir='ltr'><strong>iv.</strong></span> 
     </span>
    </p>
   </div>
   <div class='ocr_carea' id='block_1_39' title="bbox 2556 1112 2718 1141">
    <p class='ocr_par' dir='ltr' id='par_1_51' title="bbox 2556 1112 2718 1141">
     <span class='ocr_line' id='line_1_143' title="bbox 2556 1112 2718 1141; baseline 0 -8"><span class='ocrx_word' id='word_1_988' title='bbox 2556 1113 2564 1121; x_wconf 79' lang='lat'><strong><em>⁴</em></strong></span> <span class='ocrx_word' id='word_1_989' title='bbox 2580 1112 2639 1133; x_wconf 82' lang='lat' dir='ltr'><strong>lbid.</strong></span> <span class='ocrx_word' id='word_1_990' title='bbox 2656 1113 2684 1133; x_wconf 67' lang='lat' dir='ltr'><strong>aa</strong></span> <span class='ocrx_word' id='word_1_991' title='bbox 2699 1120 2718 1141; x_wconf 86' lang='lat'><strong>3.</strong></span> 
     </span>
    </p>
   </div>
   <div class='ocr_carea' id='block_1_40' title="bbox 2578 1608 2689 1630">
    <p class='ocr_par' dir='ltr' id='par_1_52' title="bbox 2578 1608 2689 1630">
     <span class='ocr_line' id='line_1_144' title="bbox 2578 1608 2689 1630; baseline 0.009 -1"><span class='ocrx_word' id='word_1_992' title='bbox 2578 1608 2644 1630; x_wconf 84' lang='lat' dir='ltr'><strong>Vers.</strong></span> <span class='ocrx_word' id='word_1_993' title='bbox 2659 1609 2689 1630; x_wconf 84' lang='lat'><strong>16.</strong></span> 
     </span>
    </p>
   </div>
   <div class='ocr_carea' id='block_1_41' title="bbox 2554 1980 2688 2008">
    <p class='ocr_par' dir='ltr' id='par_1_53' title="bbox 2554 1980 2688 2008">
     <span class='ocr_line' id='line_1_145' title="bbox 2554 1980 2688 2008; baseline 0 -7"><span class='ocrx_word' id='word_1_994' title='bbox 2554 1982 2562 1989; x_wconf 77' lang='lat'>⁸</span> <span class='ocrx_word' id='word_1_995' title='bbox 2577 1980 2643 2001; x_wconf 86' lang='lat' dir='ltr'><strong>Vers.</strong></span> <span class='ocrx_word' id='word_1_996' title='bbox 2660 1986 2688 2008; x_wconf 83' lang='lat'><strong>¹5-</strong></span> 
     </span>
    </p>
   </div>
   <div class='ocr_carea' id='block_1_42' title="bbox 2576 2139 2690 2161">
    <p class='ocr_par' dir='ltr' id='par_1_54' title="bbox 2576 2139 2690 2161">
     <span class='ocr_line' id='line_1_146' title="bbox 2576 2139 2690 2161; baseline -0.009 0"><span class='ocrx_word' id='word_1_997' title='bbox 2576 2139 2644 2161; x_wconf 88' lang='lat' dir='ltr'><strong>Vers.</strong></span> <span class='ocrx_word' id='word_1_998' title='bbox 2658 2145 2690 2160; x_wconf 82' lang='lat' dir='ltr'><strong>ro.</strong></span> 
     </span>
    </p>
   </div>
   <div class='ocr_carea' id='block_1_43' title="bbox 2552 2344 2693 2393">
    <p class='ocr_par' dir='ltr' id='par_1_55' title="bbox 2552 2344 2693 2393">
     <span class='ocr_line' id='line_1_147' title="bbox 2552 2344 2693 2367; baseline 0.007 -1"><span class='ocrx_word' id='word_1_999' title='bbox 2552 2345 2562 2355; x_wconf 78' lang='lat'>⁸</span> <span class='ocrx_word' id='word_1_1000' title='bbox 2578 2344 2644 2367; x_wconf 70' lang='lat' dir='ltr'><strong>Vere.</strong></span> <span class='ocrx_word' id='word_1_1001' title='bbox 2661 2351 2693 2367; x_wconf 83' lang='grc' dir='ltr'><strong>ιο.</strong></span> 
     </span>
     <span class='ocr_line' id='line_1_148' title="bbox 2552 2371 2688 2393; baseline 0 0"><span class='ocrx_word' id='word_1_1002' title='bbox 2552 2372 2574 2382; x_wconf 74' lang='grc'><strong>“’</strong></span> <span class='ocrx_word' id='word_1_1003' title='bbox 2587 2371 2688 2393; x_wconf 84' lang='lat' dir='ltr'><strong>Interiin.</strong></span> 
     </span>
    </p>
   </div>
   <div class='ocr_carea' id='block_1_44' title="bbox 2649 2399 2664 2428">
    <p class='ocr_par' dir='ltr' id='par_1_56' title="bbox 2649 2399 2664 2428">
     <span class='ocr_line' id='line_1_149' title="bbox 2649 2399 2664 2428; baseline 0 0"><span class='ocrx_word' id='word_1_1004' title='bbox 2649 2399 2664 2428; x_wconf 76' lang='lat' dir='ltr'><strong>t</strong></span> 
     </span>
    </p>
   </div>
   <div class='ocr_carea' id='block_1_45' title="bbox 2551 2450 2761 2503">
    <p class='ocr_par' dir='ltr' id='par_1_57' title="bbox 2551 2450 2761 2503">
     <span class='ocr_line' id='line_1_150' title="bbox 2551 2450 2761 2503; baseline 0.005 -32"><span class='ocrx_word' id='word_1_1005' title='bbox 2551 2451 2564 2503; x_wconf 47' lang='grc' dir='ltr'><em>ἒ</em></span> <span class='ocrx_word' id='word_1_1006' title='bbox 2572 2450 2619 2477; x_wconf 91' lang='lat' dir='ltr'><strong>Qu.</strong></span> <span class='ocrx_word' id='word_1_1007' title='bbox 2627 2456 2710 2477; x_wconf 75' lang='lat' dir='ltr'><strong>xxxin,</strong></span> <span class='ocrx_word' id='word_1_1008' title='bbox 2719 2454 2761 2472; x_wconf 80' lang='lat' dir='ltr'><strong>art.</strong></span> 
     </span>
    </p>
   </div>
   <div class='ocr_carea' id='block_1_46' title="bbox 2550 3087 2759 3135">
    <p class='ocr_par' dir='ltr' id='par_1_58' title="bbox 2550 3087 2759 3135">
     <span class='ocr_line' id='line_1_151' title="bbox 2551 3087 2759 3115; baseline 0 -7"><span class='ocrx_word' id='word_1_1009' title='bbox 2551 3089 2560 3097; x_wconf 77' lang='lat'>⁴</span> <span class='ocrx_word' id='word_1_1010' title='bbox 2575 3088 2625 3109; x_wconf 79' lang='lat' dir='ltr'><strong>Art.</strong></span> <span class='ocrx_word' id='word_1_1011' title='bbox 2643 3087 2759 3115; x_wconf 81' lang='lat' dir='ltr'><strong>praeced..</strong></span> 
     </span>
     <span class='ocr_line' id='line_1_152' title="bbox 2550 3114 2612 3135; baseline 0 0"><span class='ocrx_word' id='word_1_1012' title='bbox 2550 3114 2578 3135; x_wconf 83' lang='lat' dir='ltr'><strong>ad</strong></span> <span class='ocrx_word' id='word_1_1013' title='bbox 2592 3119 2612 3135; x_wconf 87' lang='lat'><strong>2.</strong></span> 
     </span>
    </p>
   </div>
   <div class='ocr_carea' id='block_1_47' title="bbox 2550 3287 2733 3312">
    <p class='ocr_par' dir='ltr' id='par_1_59' title="bbox 2550 3287 2733 3312">
     <span class='ocr_line' id='line_1_153' title="bbox 2550 3287 2733 3312; baseline 0 -4"><span class='ocrx_word' id='word_1_1014' title='bbox 2550 3289 2557 3295; x_wconf 93' lang='grc'>·</span> <span class='ocrx_word' id='word_1_1015' title='bbox 2574 3288 2625 3308; x_wconf 71' lang='lat' dir='ltr'><strong>Art.</strong></span> <span class='ocrx_word' id='word_1_1016' title='bbox 2641 3293 2658 3312; x_wconf 78' lang='grc' dir='ltr'><strong>ι,</strong></span> <span class='ocrx_word' id='word_1_1017' title='bbox 2674 3287 2702 3308; x_wconf 78' lang='lat' dir='ltr'><strong>ad</strong></span> <span class='ocrx_word' id='word_1_1018' title='bbox 2717 3293 2733 3308; x_wconf 85' lang='lat'><strong>1.</strong></span> 
     </span>
    </p>
   </div>
  </div>
 </body>
</html>
