2860 4244
419 217 493 253 226

1043 212 1308 259 QUAESTIO
1339 212 1567 259 Lxxxvn,
1596 213 1892 251 ARTICULUS
1923 215 1935 250 1

829 435 1240 508 QUAESTIO
1288 435 2172 494 OCTOGESIMASEPTIMA

1318 554 1402 594 DE
1435 553 1680 595 DECIMIS

1193 669 1227 694 IN
1258 668 1431 699 QUATUOR
1459 668 1662 693 ARTICULOS
1689 669 1806 694 DlVISA

174 767 382 795 ·‹;f.qu.1.mv,
495 769 601 794 ElNDE
631 754 949 792 considerandum
981 761 1037 790 est
1066 753 1112 790 de
1142 753 1300 790 decimis
1319 753 1350 790 ²⁸.
1498 760 1500 804 l

174 793 261 815 mmd'
495 811 544 846 Et
572 809 670 846 circa
698 809 772 845 hoc
800 814 1033 855 quaeruntur
1061 814 1236 854 quatuor.
1500 855 1501 858 Ἰ

466 863 612 899 Primo:
638 869 764 898 utrum
784 860 961 897 homines
980 867 1180 896 teneantur
1199 859 1248 896 ad
1269 859 1474 896 solvendas

519 915 685 952 decimas
715 926 759 950 ex
788 913 1011 950 necessitate
1039 913 1242 962 praecepti.

1582 753 1777 790 Secundo:
1813 754 1859 791 de
1888 755 2025 803 quibus
2055 756 2167 792 rebus
2197 756 2269 793 sint
2297 757 2467 795 decimae
2498 759 2587 794 dan-

1635 807 1717 843 dae.

1583 859 1734 895 Tertio:
1764 859 1902 907 quibus
1932 860 2095 897 debeant
2123 861 2214 898 dari.

1583 912 1749 959 Quarto:
1780 913 1917 960 quibus
1947 921 2138 962 competat
2167 925 2229 950 eas
2259 914 2361 951 dare.

1227 1021 1546 1064 ARTICULUS
1583 1022 1787 1064 PRIMUS

665 1118 820 1149 UTRUM
844 1116 1037 1148 HOMINES
1061 1116 1330 1147 TENEANTUR
1353 1116 1468 1146 DARE
1492 1115 1680 1147 DECIMAS
1703 1116 1759 1146 Ex
1781 1116 2076 1147 NECESSITATE
2099 1117 2337 1148 PRAECEPTI

771 1204 868 1234 Quodl.
888 1204 917 1234 11,
937 1211 982 1236 qu.
1001 1211 1035 1234 iv,
1055 1208 1102 1228 art.
1124 1203 1153 1233 3;
1173 1202 1214 1233 VI,
1235 1210 1278 1234 qu.
1298 1210 1322 1233 ν,
1343 1207 1389 1227 art.
1408 1210 1437 1233 43
1459 1202 1488 1226 In
1508 1202 1616 1231 Matth.,
1636 1210 1692 1235 cap.
1710 1210 1770 1228 xxm
1777 1210 1784 1233 3
1803 1204 1847 1228 Ad
1864 1204 1940 1233 Heb„
1960 1211 2015 1236 cap.
2034 1211 2077 1234 vn,
2096 1204 2154 1229 lect.
2173 1212 2190 1235 1,
2209 1212 2237 1229 11.

443 1303 501 1333 ..3¹
528 1307 596 1334 ,25
620 1297 642 1322 1)
669 1296 806 1320 PRIMUM
833 1295 887 1319 S1c
912 1294 1155 1319 PROCEDITUR.
1185 1281 1346 1318 Videtur
1365 1281 1469 1328 quod

436 1314 598 1394 ³0¹qu
620 1337 798 1374 homines
834 1348 912 1372 non
946 1343 1146 1372 teneantur
1175 1335 1265 1371 dare
1301 1335 1470 1371 decimas

426 1371 546 1447 ’δαὴρ
558 1374 666 1430 ess'ex
703 1388 925 1426 necessitate
968 1388 1172 1437 praecepti.
1217 1389 1470 1435 Praeceptum

465 1417 722 1479 &lenim
753 1442 800 1479 de
829 1442 1018 1478 solutione
1049 1441 1286 1478 decimarum
1321 1441 1359 1477 in
1388 1441 1470 1488 lege

409 1495 528 1532 veteri
558 1495 683 1532 datur:
713 1502 754 1532 ut
780 1501 884 1544 patet
911 1495 1029 1531 Levit.
1054 1506 1150 1531 xxvn
1169 1494 1207 1531 *ς
1247 1494 1383 1531 Omnes
1411 1494 1471 1530 de-

410 1549 531 1585 cimae
558 1554 693 1594 terrae,
722 1549 800 1585 sive
819 1548 864 1584 de
878 1548 1067 1597 frugibus
1093 1548 1171 1584 sive
1198 1547 1244 1584 de
1265 1547 1390 1595 pomis
1408 1558 1471 1583 ar·
1497 1547 1498 1553 ’

410 1602 557 1647 horum,
586 1601 746 1639 Domini
773 1606 879 1644 sunt‚·
908 1608 944 1636 et
971 1600 1066 1637 infra
1085 1600 1123 1636 *z
1170 1600 1347 1637 Omnium
1375 1600 1471 1636 deci-

409 1666 561 1691 marum
581 1655 660 1691 ovis
688 1660 724 1691 et
741 1654 844 1691 bovis
863 1659 899 1689 et
915 1665 1066 1702 caprae,
1095 1665 1192 1702 quae
1216 1654 1285 1690 suh
1307 1653 1471 1701 pastoris
1497 1671 1499 1693 ι

410 1708 522 1757 virga
551 1712 753 1753 transeunt,
783 1707 963 1755 quidquid
988 1707 1174 1743 decimum
1202 1707 1355 1751 venerit,
1384 1717 1470 1742 san-

411 1761 633 1807 ctificabitur
646 1760 823 1797 Domino.
853 1760 945 1796 Non
965 1767 1093 1796 autem
1113 1766 1238 1808 potest
1259 1758 1470 1807 computari

411 1814 485 1850 hoc
504 1813 600 1850 inter
619 1820 821 1862 praecepta
849 1811 1028 1848 moralia:
1059 1812 1148 1860 quia
1176 1812 1270 1848 ratio
1293 1811 1471 1849 naturalis

267 1877 283 1892 α
410 1879 489 1903 non
509 1866 629 1914 magis
645 1866 757 1903 dictat
776 1866 879 1914 quod
901 1864 1047 1901 decima
1062 1877 1150 1914 pars
1170 1865 1307 1902 debeat
1321 1864 1442 1912 magis
1454 1869 1471 1885 α

412 1919 491 1956 dari
511 1931 628 1967 quam
648 1931 750 1956 nona
769 1919 831 1955 vel
850 1917 1065 1955 undecima.
1088 1918 1189 1966 Ergo
1205 1918 1267 1955 vel
1290 1925 1344 1955 est
1363 1929 1470 1966 prae-

411 1979 564 2021 ceptum
585 1972 771 2018 iudiciale,
792 1972 853 2008 vel
882 1970 1168 2008 caeremoniale.
1200 1971 1276 2007 Sed
1296 1970 1392 2007 sicut
1411 1983 1471 2007 su-

171 1501 182 1511 ·
196 1500 263 1522 Vei-S.
277 1506 315 1529 30.

172 1611 181 1619 ⁴
196 1608 262 1630 Vers.
275 1615 308 1637 3².

171 2030 381 2084 23³}?²43¹¹·g:;¹’
409 2038 478 2074 pra
493 2025 513 2046 ’¹‘
531 2025 702 2062 habiturn
724 2032 789 2072 est,
811 2033 985 2072 ternpore
1005 2024 1144 2072 gratiae
1163 2036 1241 2060 non
1258 2024 1472 2072 obligantur

173 2073 214 2104 πί-
229 2073 251 2111 3ἷ
305 2071 310 2078 “
374 2073 380 2084 '
409 2078 584 2115 homines
604 2090 728 2127 neque
744 2079 790 2114 ad
810 2085 1015 2126 praecepta
1036 2076 1331 2114 caeremonialia
1346 2089 1471 2125 neque

410 2132 459 2168 ad
474 2131 660 2168 iudicialia
675 2130 812 2168 veteris
827 2130 929 2179 legis.
956 2131 1058 2178 Ergo
1074 2130 1251 2167 homines
1269 2142 1372 2167 nunc
1391 2143 1470 2167 non

410 2184 623 2232 obligantur
651 2185 699 2221 ad
728 2184 956 2221 solutionem
987 2183 1236 2220 decimarum.

269 2241 284 2274 β
465 2249 499 2274 2.
530 2238 769 2284 Pmmmm,
799 2237 860 2274 illa
896 2237 977 2273 sola
1010 2236 1186 2273 homines
1225 2237 1429 2273 observare
1456 2234 1470 2265 β

410 2298 585 2327 tenentur
603 2299 775 2339 tempore
795 2290 934 2337 gratiae
950 2302 1049 2337 quae
1070 2302 1093 2326 a
1113 2290 1263 2326 Christo
1284 2301 1352 2337 per
1366 2290 1472 2338 Apo-

171 2352 180 2360 ·
196 2349 263 2371 Vers·
278 2355 315 2371 20-
411 2344 527 2380 stolos
543 2351 628 2380 sunt
643 2343 839 2380 mandata:
860 2343 1072 2379 secundum
1093 2342 1181 2380 illud
1202 2343 1336 2379 Matth.
1354 2343 1418 2379 ult.
1433 2341 1469 2378 *ε

410 2398 594 2434 Docentes
613 2408 676 2432 eos
693 2408 847 2433 servare
865 2397 992 2432 omnia
1012 2407 1270 2444 quaecumque
1292 2395 1474 2432 mandavi

410 2450 536 2494 vobis,·
565 2457 600 2485 et
625 2450 766 2485 Paulus
791 2449 889 2496 dicit,
910 2450 991 2485 Act.
1012 2461 1056 2484 xx
1077 2448 1118 2484 *t
1146 2449 1237 2486 Non
1264 2449 1363 2485 enim
1387 2449 1471 2485 sub-

411 2503 553 2552 terfugi
585 2503 784 2550 quominus
816 2502 1081 2538 annuntiarem
1114 2502 1218 2537 vobis
1249 2513 1360 2538 omne
1384 2513 1471 2537 con-

410 2555 534 2592 silium
555 2555 637 2591 Dei.
669 2555 745 2592 Sed
775 2567 899 2603 neque
923 2554 961 2590 in
982 2553 1152 2591 doctrina
1182 2554 1320 2590 Christi
1346 2566 1471 2602 neque

412 2608 451 2645 in
489 2608 658 2645 doctrina
694 2609 968 2657 Apostolorum
1006 2607 1146 2655 aliquid
1184 2606 1397 2643 continetur
1425 2607 1471 2644 de

413 2661 600 2698 solutione
622 2661 872 2698 decimarum:
894 2673 983 2697 nam
1006 2661 1110 2708 quod
1130 2659 1322 2696 Dominus
1343 2659 1389 2696 de
1409 2660 1472 2696 de-

414 2715 521 2751 cimis
551 2713 648 2760 dicit,
679 2715 813 2751 Matth.
829 2713 961 2760 xxi11*,
990 2714 1084 2750 haec
1111 2713 1274 2761 oportuit
1287 2714 1426 2761 facere
1443 2718 1470 2759 Υ,

413 2768 460 2805 ad
489 2775 640 2815 tempus
668 2766 911 2816 praeteritum
941 2766 1066 2814 legalis
1095 2765 1359 2802 observantiae
1379 2766 1472 2802 refe-

176 2859 184 2867 ,
272 2823 286 2848 ὃ
413 2820 574 2857 rendum
590 2820 756 2866 videtur3
780 2828 820 2856 ut
835 2819 923 2856 dicit
937 2817 950 2840 δ
971 2818 1146 2865 Hilarius,
1162 2830 1275 2867 super
1287 2818 1471 2855 Matth.*:

174 2857 383 2905 xxcffmm'oep'
413 2874 622 2911 Decimatio
651 2873 714 2910 illa
743 2873 899 2918 olerum,
929 2884 1026 2920 quae
1052 2873 1088 2908 in
1108 2872 1471 2921 praefigurationem

401 2929 628 2975 futurorum
657 2931 740 2963 erat
766 2926 882 2972 utilis,
912 2937 986 2962 non
1016 2925 1172 2962 debebat
1197 2925 1326 2962 omitti.
1370 2925 1471 2972 Ergo

413 2979 590 3016 homines
618 2987 791 3027 tempore
821 2979 960 3026 gratiae
989 2991 1067 3015 non
1096 2985 1271 3015 tenentur
1299 2978 1347 3014 ad
1374 2977 1473 3014 deci-

414 3044 562 3069 marum
594 3032 833 3069 solutionem.

469 3086 503 3122 3.
524 3086 767 3132 PRAETEREA7
797 3083 972 3120 homines
1007 3091 1180 3132 tempore
1218 3083 1357 3130 gratiae
1395 3095 1475 3120 non

414 3138 534 3186 magis
562 3145 737 3175 tenentur
765 3137 812 3174 ad
841 3136 1125 3173 observantiam
1155 3136 1330 3183 legalium
1357 3147 1474 3184 quam

414 3199 501 3228 ante
530 3191 664 3239 legem.
705 3190 782 3227 Sed
810 3197 896 3226 ante
929 3190 1052 3236 legem
1082 3201 1160 3225 non
1195 3189 1383 3225 dabantur
1411 3188 1475 3225 de-
1501 3231 1503 3238 y

416 3245 537 3281 cimae
567 3256 611 3281 ex
640 3250 856 3292 praecepto,
887 3242 954 3278 sed
984 3241 1109 3278 solum
1139 3253 1183 3278 ex
1202 3248 1314 3277 voto:
1343 3241 1476 3288 legitur

169 2454 178 2462 ·
197 2452 263 2474 Vers.
279 2458 313 2482 ²7·

175 2719 184 2727 ⁸
199 2717 265 2739 Vers.
280 2723 313 2745 23.

271 2754 287 2779 Υ

470 3375 496 3407 α)
516 3374 611 3407 magis.
623 3387 641 3392 -
659 3374 721 3398 Om.
740 3373 779 3398 lx.

470 3410 495 3442 β)
515 3409 663 3434 observare.
675 3422 694 3428 -
712 3415 821 3433 servare
839 3408 885 3432 Pa.

468 3446 495 3478 γ)
515 3445 578 3469 haec
597 3444 716 3475 oportuit
727 3445 862 3476 facere.-
881 3442 932 3467 Vae
951 3442 1025 3467 vobis
1038 3442 1084 3474 qui
1103 3442 1242 3467 decimatis
1255 3442 1338 3466 vitam
1358 3444 1406 3466 etc.
1427 3442 1477 3466 hoc

417 3480 536 3512 oportuit
549 3481 700 3512 etc-facere
717 3487 743 3509 κ,
763 3479 815 3503 Vae
834 3478 906 3503 vobis
923 3477 968 3509 qui
982 3477 1121 3502 decimatis
1134 3477 1266 3502 mentham
1281 3480 1308 3502 et
1321 3480 1411 3502 rutam
1425 3480 1474 3502 etc.

416 3516 465 3541 hoc
483 3515 558 3547 (haec
577 3513 610 3547 P)
627 3514 746 3546 oportuit
758 3514 852 3547 facere
872 3513 918 3537 Pa.

1526 1281 1627 1317 enim
1653 1281 1744 1318 Gen.
1761 1294 1871 1319 xxvm
1885 1282 1905 1304 ’¹‘
1924 1283 2029 1331 quod
2050 1284 2164 1320 Iacob
2184 1285 2287 1321 vovit
2301 1290 2429 1322 votum
2444 1285 2586 1322 dicens:
2614 1297 2625 1308 ·

1525 1334 1568 1370 Si
1581 1335 1707 1382 suerit
1723 1335 1828 1371 Deus
1846 1347 1992 1371 mecum
2012 1341 2046 1372 et
2064 1337 2278 1373 custodierit
2293 1349 2354 1373 me
2373 1338 2410 1374 in
2429 1338 2491 1375 via
2510 1350 2585 1387 qua

1497 1430 1498 1438 ἵ
1525 1387 1689 1433 ambulo,
1720 1394 1804 1435 etc..
1825 1393 2046 1425 cunctorum
2074 1400 2171 1437 quae
2198 1390 2343 1426 dederis
2370 1390 2463 1427 mihi
2488 1392 2585 1428 deci-

1524 1452 1607 1477 mas
1626 1440 1787 1490 offeram
1807 1441 1881 1478 tibi.
1908 1442 2009 1489 Ergo
2031 1441 2143 1478 etiam
2165 1453 2289 1490 neque
2309 1450 2482 1492 ternpore
2502 1455 2585 1491 gra-

1525 1493 1597 1530 tiae
1622 1500 1797 1530 tenentur
1815 1494 1992 1531 homines
2019 1494 2066 1531 ad
2088 1494 2322 1532 decimarum
2342 1495 2584 1534 solutionem.

1577 1558 1614 1593 4.
1640 1547 1873 1594 PRAETEREA‚
1904 1547 1942 1584 in
1960 1546 2080 1584 veteri
2101 1548 2183 1596 lege
2211 1549 2438 1585 tenebantur
2461 1549 2585 1586 homi-

1497 1629 1499 1636 ,
1524 1612 1592 1636 nes
1612 1599 1660 1636 ad
1680 1599 1841 1648 triplices
1858 1600 2025 1637 decimas
2045 1600 2259 1637 solvendas.
2282 1601 2457 1648 Quarum
2473 1614 2585 1650 quas—

1526 1652 1616 1689 dam
1637 1653 1837 1689 solvebant
1856 1653 2014 1690 Levitis:
2036 1653 2171 1690 dicitur
2190 1654 2291 1690 enim
2311 1655 2431 1692 Num.
2446 1667 2533 1692 xvm
2547 1655 2583 1692 *ε
2612 1665 2624 1676 ·

1524 1705 1678 1742 Levitae
1700 1706 1933 1743 decimarum
1959 1706 2144 1743 oblatione
2169 1708 2331 1758 contenti
2351 1713 2471 1754 erunt,
2491 1719 2586 1757 quas

1525 1758 1562 1794 in
1584 1770 1671 1794 usus
1695 1770 1827 1796 eorum
1851 1765 1887 1795 et
1904 1760 2114 1796 necessaria
2137 1761 2322 1809 separavi.
2353 1761 2471 1798 Erant
2490 1773 2585 1810 quo-

1525 1823 1599 1859 que
1629 1810 1723 1847 aliae
1753 1811 1935 1859 decimae,
1956 1811 2003 1848 de
2023 1812 2162 1860 quibus
2190 1813 2323 1861 legitur
2340 1814 2451 1850 Deut.
2467 1825 2528 1851 xiv
2545 1813 2582 1851 *t
2611 1822 2622 1832 ⁸

1524 1864 1722 1901 Decimam
1747 1870 1896 1912 partem
1922 1865 2115 1913 separabis
2133 1866 2178 1902 de
2205 1866 2345 1902 cunctis
2366 1867 2553 1913 fructibus
2571 1871 2584 1888 ⁸

1524 1917 1595 1954 tuis
1627 1917 1693 1965 qui
1719 1923 1924 1954 nascuntur
1951 1918 1988 1954 in
2018 1924 2119 1955 terra
2141 1930 2214 1966 per
2243 1930 2363 1955 annos
2396 1919 2583 1969 singulos,

1524 1976 1560 2007 et
1587 1970 1756 2006 comedes
1784 1971 1821 2007 in
1850 1977 2047 2019 conspectu
2075 1971 2234 2008 Domini
2257 1971 2333 2008 Dei
2357 1972 2413 2008 tui
2438 1972 2476 2009 in
2503 1972 2584 2009 loco

1524 2034 1634 2071 quem
1662 2023 1818 2073 elegerit
1844 2025 1959 2060 Deus.
2004 2025 2123 2061 Erant
2150 2036 2304 2072 quoque
2335 2031 2371 2061 et
2398 2024 2492 2062 aliae
2521 2025 2585 2062 de-

1525 2076 1659 2123 cimae,
1681 2076 1728 2113 de
1756 2076 1893 2126 quibus
1921 2076 2100 2114 ibidem*
2119 2077 2309 2114 subditur:
2336 2078 2450 2114 Anno
2477 2078 2584 2115 tertio
2611 2087 2622 2098 ⁸

1523 2129 1716 2177 separabis
1748 2129 1864 2166 aliam
1893 2130 2077 2167 decimam
2105 2142 2155 2166 ex
2188 2131 2361 2168 omnibus
2387 2142 2485 2179 quae
2518 2142 2585 2168 na-

1522 2187 1678 2220 scuntur
1705 2182 1771 2219 tibi
1795 2195 1838 2219 eo
1858 2188 2034 2231 tempore,
2063 2188 2099 2220 et
2117 2195 2273 2231 repones
2292 2183 2304 2208 ζ
2332 2183 2431 2221 intra
2451 2184 2585 2221 ianuas

1524 2242 1618 2282 tuas,
1633 2236 1827 2283 venietque
1841 2236 1997 2282 Levites,
2015 2236 2080 2284 qui
2092 2236 2208 2273 aliam
2224 2249 2298 2273 non
2315 2237 2426 2274 habet
2433 2242 2584 2286 partem

1524 2300 1644 2337 neque
1665 2289 1937 2337 possessionem
1966 2295 2105 2335 tecum,
2135 2295 2172 2326 et
2190 2290 2418 2339 peregrinus
2446 2302 2493 2327 ac
2512 2301 2585 2338 pu-

1518 2341 1633 2391 pillus
1661 2347 1696 2378 et
1721 2341 1834 2378 vidua
1863 2342 1928 2390 qui
1954 2342 2053 2379 intra
2075 2348 2207 2391 portas
2235 2348 2318 2379 tuas
2344 2349 2440 2388 sunt,
2469 2348 2506 2379 et
2524 2354 2586 2380 co-

1524 2395 1671 2431 medent
1689 2401 1725 2431 et
1741 2396 2020 2432 saturabuntur.
2044 2396 2120 2432 Sed
2139 2396 2187 2432 ad
2207 2395 2393 2432 secundas
2409 2403 2446 2432 et
2459 2395 2585 2433 tertias

1526 2448 1695 2485 decimas
1723 2447 1900 2484 homines
1928 2460 2007 2484 non
2034 2455 2210 2484 tenentur
2236 2448 2582 2496 tempore-gratiae.

1525 2501 1627 2548 Ergo
1658 2512 1781 2548 neque
1811 2501 1859 2537 ad
1887 2500 2040 2548 primas.

1584 2554 1616 2589 5.
1636 2553 1873 2599 PRAETEREA‚
1904 2554 2007 2600 quod
2036 2552 2116 2589 sine
2146 2553 2457 2590 determinatione
2490 2561 2584 2591 tem-

1525 2605 1628 2654 poris
1657 2605 1837 2653 debetur,
1867 2606 1938 2642 nisi
1972 2605 2095 2643 statim
2132 2607 2320 2654 solvatur,
2361 2606 2500 2654 obligat
2535 2606 2584 2644 ad

1526 2665 1738 2707 peccatum.
1770 2658 1809 2695 Si
1830 2670 1919 2706 ergo
1940 2658 2116 2695 homines
2134 2666 2309 2707 ternpore
2332 2659 2472 2706 gratiae
2492 2659 2585 2696 obli-

1526 2719 1704 2760 garentur
1724 2723 1768 2748 ex
1793 2711 2013 2748 necessitate
2042 2711 2233 2760 praecepti
2256 2712 2304 2749 ad
2326 2711 2492 2748 decimas
2511 2712 2586 2749 sol-

1526 2765 1685 2812 vendas,
1701 2764 1739 2800 in
1758 2764 1863 2800 terris
1883 2764 1921 2801 in
1939 2764 2077 2812 quibus
2097 2764 2269 2801 decimae
2288 2777 2367 2801 non
2386 2765 2586 2803 solvuntur

1528 2830 1662 2855 omnes
1691 2825 1815 2854 essent
1848 2817 1886 2854 in
1913 2825 2070 2866 peccato
2100 2818 2265 2865 mortali,
2296 2825 2332 2854 et
2358 2829 2427 2866 per
2455 2830 2586 2854 conse-

1528 2883 1649 2920 quens
1664 2870 1777 2906 etiam
1794 2869 1950 2907 ministri
1966 2870 2158 2907 Ecclesiae
2174 2870 2464 2908 dissimulando:
2481 2871 2586 2919 quod

1526 2924 1676 2961 videtur
1694 2923 1979 2960 inconveniens.
2002 2924 2093 2960 Non
2113 2935 2202 2971 ergo
2221 2923 2398 2960 homines
2412 2931 2586 2972 tempore

1526 2976 1667 3025 gratiae
1689 2988 1733 3012 ex
1752 2976 1972 3013 necessitate
2001 2984 2175 3014 tenentur
2194 2976 2243 3013 ad
2271 2976 2499 3014 solutionem
2522 2976 2586 3014 de-

1529 3030 1726 3067 cimarum.

1583 3083 1656 3119 SED
1677 3093 1823 3118 CONTRA
1841 3094 1907 3118 EST
1925 3082 2030 3130 quod
2048 3081 2281 3129 Augustinus
2301 3081 2389 3119 dicit
2406 3081 2438 3129 ¹¹²,
2465 3089 2503 3119 et
2520 3081 2585 3119 ha·

1528 3136 1638 3172 betur
1653 3135 1752 3181 XVI,
1773 3147 1836 3183 qu.
1849 3147 1859 3171 1
1875 3134 1913 3170 *2
1934 3135 2114 3171 Decimae
2128 3147 2178 3171 ex
2191 3135 2310 3172 debito
2325 3135 2584 3184 requiruntur.-

1529 3193 1565 3224 et
1590 3187 1655 3236 qui
1687 3199 1750 3224 eas
1778 3187 1871 3223 dare
1898 3187 2103 3233 noluerint,
2132 3200 2192 3224 res
2219 3188 2362 3224 alienas
2393 3187 2584 3224 invadunt.

1583 3241 1809 3277 RESPONDEO
1847 3251 2031 3277 met-:NDUM
2064 3241 2168 3289 quod
2201 3240 2371 3278 decimae
2403 3239 2442 3277 in
2466 3239 2585 3277 veteri

1581 3370 1606 3404 ὃ)
1627 3374 1656 3395 ut
1674 3370 1748 3396 dicit.
1757 3385 1776 3389 -
1788 3370 1854 3396 dicit
1866 3371 2099 3404 ABDEFHKLpC,
2109 3372 2172 3404 quia
2185 3372 2250 3397 dicit
2259 3372 2295 3396 sC
2307 3376 2333 3396 et
2345 3378 2389 3400 xa,
2399 3370 2465 3396 dicit
2478 3370 2546 3396 enim
2558 3371 2587 3396 P.

1582 3406 1604 3438 ε)
1617 3406 1761 3440 fructibus.
1773 3419 1794 3426 -
1803 3406 1934 3439 frugibus
1952 3407 2074 3437 PAEGa,·
2093 3415 2141 3440 pro
2159 3407 2212 3440 qui,
2231 3414 2298 3439 quae
2316 3406 2389 3431 PGa.

1581 3441 1607 3473 ζ)
1627 3448 1745 3473 repones.
1763 3455 1782 3460 -
1801 3448 1916 3473 reponas
1933 3442 2149 3470 ABCDEFHKa;
2168 3445 2195 3467 et
2212 3449 2322 3474 repones
2346 3449 2399 3466 om.
2416 3441 2459 3471 1113
2478 3448 2526 3473 pro
2545 3448 2587 3466 ve-

1530 3477 1634 3509 nietque
1653 3477 1770 3506 Levites,
1790 3477 1926 3509 venietque
1941 3477 2035 3502 Levita
2054 3477 2082 3509 P,
2101 3477 2239 3510 veniesque
2255 3476 2359 3502 Levites
2378 3476 2414 3507 111,
2433 3476 2589 3509 venientque

1530 3512 1639 3537 Levitae
1658 3517 1683 3538 et
1702 3519 1763 3536 mox
1782 3512 1878 3537 habent
1897 3512 1927 3536 D.

2638 1295 2706 1319 Ven-
2725 1302 2754 1319 ιο
2772 1303 2826 1325 eqq.

2636 1664 2704 1688 Vn.
2717 1670 2755 1692 ²4-

2635 1821 2704 1844 Ven.
2714 1827 2751 1848 22.
2762 1827 2796 1851 ²3·

2635 2086 2703 2109 Vm.
2713 2087 2749 2114 28,
2759 2093 2796 2115 ²9-

2613 3090 2623 3100 ¹
2630 3090 2653 3111 A
2687 3089 2739 3111 end.
2749 3089 2822 3112 Sem.

2612 3115 2825 3191 semea&

2616 3168 2686 3196 Ten-p

2612 3195 2823 3244 9835..A1‘2¹.‘÷1„..0.
