2860 4244
121 1113 146 1134 Ἰ
155 1113 260 1134 Thessal.
261 1129 269 1140 ,
278 1119 328 1141 cap.

120 1147 142 1167 v,
156 1146 214 1161 vers.
229 1145 262 1161 22.

117 1773 127 1782 ⁸
141 1771 177 1793 ef.
193 1777 255 1792 num.
272 1778 309 1792 xv.

119 2969 199 2991 'Ca.

118 2995 173 3017 S.T

216 2975 231 2993 ι,
246 2975 268 2990 η.
284 2969 305 2990 6.
318 2981 326 2984 -

193 3012 198 3017 .
213 2996 266 3017 lect.
282 3001 300 3016 1.

364 286 437 321 282

361 364 429 404 pria
453 363 581 394 materia
604 363 669 393 voti
701 370 746 393 est
768 361 890 392 virtutis
922 368 1009 391 actus
1042 361 1081 390 ad
1113 359 1426 409 supererogationem

362 415 521 458 spectans;
553 407 721 437 iuramenti
751 413 858 436 autem
888 404 1083 454 promissorii
1113 411 1159 434 est
1186 403 1309 434 virtutis
1337 410 1425 434 actus

361 453 565 493 quicumque.
592 451 681 481 Unde
705 449 844 488 arguitur
860 449 903 479 sic
926 449 958 489 in
978 448 1155 488 proposito.
1186 448 1221 477 In
1244 447 1423 479 iuramento

362 504 470 526 coacto
494 505 560 526 non
584 494 776 534 promittitur
793 493 905 533 aliquis
922 492 1043 522 virtutis
1067 498 1169 522 actus:
1195 501 1269 531 ergo
1285 502 1350 522 non
1367 493 1424 522 ob-

360 540 435 580 ligat
455 540 487 569 in
505 539 575 569 foro
598 537 814 568 conscientiae.
826 555 844 558 -
860 536 1044 566 Declaratur
1069 536 1266 566 antecedens.
1291 536 1423 567 Ioannes

361 591 486 614 coactus
509 582 666 623 promittit
680 581 782 616 Petro,
800 580 924 617 latroni,
946 580 1093 616 invasori,
1112 587 1180 616 etc„
1199 580 1272 610 dare
1295 587 1423 611 centum
1449 578 1450 581 ¹

360 629 501 658 ducatos
526 627 586 656 Iste
603 632 690 662 actus
706 624 760 664 qui
782 631 828 654 est
844 625 916 654 dare
932 625 1024 655 Petro
1041 631 1170 654 centum
1190 634 1256 654 non
1274 631 1320 655 est
1336 632 1423 655 actus
1448 646 1449 653 .

358 671 489 701 virtutis.
515 670 598 706 Quia
615 679 680 699 non
696 668 845 699 iustitiae:
871 675 906 698 ut
930 675 1014 708 patet
1038 678 1074 698 ex
1089 668 1151 699 hoc
1168 669 1266 709 quod,
1284 677 1422 700 cessante

358 716 545 749 iuramento,
572 723 637 743 non
660 719 826 748 teneretur,
851 719 1148 753 quantumcumque
1173 719 1279 743 coacte
1302 714 1422 753 promi-

359 759 464 794 sisset;
496 757 600 787 deficit
622 757 780 797 siquidem
804 757 883 787 ratio
909 757 1020 793 debiti,
1046 757 1113 787 sine
1137 767 1201 798 qua
1224 766 1289 787 non
1318 764 1423 798 potest

357 802 487 841 intelligi
510 808 597 832 actus
620 801 766 837 iustitiae,
792 801 881 831 cuius
905 808 951 831 est
975 801 1147 842 unicuique
1171 802 1244 831 dare
1268 801 1421 832 debitum.

357 847 421 877 Nec
445 845 650 876 liberalitatis:
683 844 757 885 quia
782 855 846 875 non
871 845 986 882 donat,
1011 852 1046 876 ut
1070 852 1155 886 patet
1183 855 1219 876 ex
1242 845 1303 875 hoc
1333 846 1422 886 quod

356 935 437 965 actio
461 934 544 964 illata
569 944 585 964 a
609 934 731 963 latrone
755 933 838 964 tollit
861 934 955 964 talem
980 933 1222 973 obligationem,
1247 941 1282 964 ut
1305 934 1422 965 scilicet

356 979 413 1009 iste
433 985 575 1009 teneatur
594 978 667 1007 dare
683 978 711 1008 ei
735 978 823 1018 quod
847 977 1008 1018 promisit;
1034 988 1069 1008 ac
1089 988 1144 1018 per
1163 978 1234 1014 hoc,
1260 985 1347 1009 actus
1363 978 1421 1009 iste

356 1033 421 1053 non
445 1029 491 1053 est
515 1022 553 1052 de
570 1021 752 1053 necessitate
775 1021 858 1053 fidei.
883 1023 944 1053 Sed
969 1032 1025 1053 nec
1050 1023 1088 1052 ad
1108 1023 1421 1062 supererogationem

356 1073 517 1107 spectans:
542 1066 617 1107 quia
641 1067 713 1096 dare
737 1067 822 1097 bona
841 1077 899 1097 sua
912 1066 1051 1106 indignis
1067 1067 1204 1107 speciem
1221 1066 1295 1096 mali
1311 1067 1421 1097 saltem

355 1111 464 1147 habet;
490 1111 642 1150 scriptum
667 1117 712 1141 est
735 1117 842 1141 autem
858 1110 889 1140 *z
919 1111 966 1141 Ab
990 1112 1077 1141 omni
1098 1112 1201 1151 specie
1224 1111 1304 1141 mali
1326 1111 1420 1142 absti-

356 1161 427 1186 nete
442 1165 507 1186 vos.
538 1155 603 1185 Nec
623 1161 728 1195 potest
747 1155 807 1185 dici
826 1155 914 1196 quod
934 1156 1007 1185 dare
1029 1155 1106 1186 istos
1123 1161 1252 1185 centum
1269 1162 1315 1185 est
1333 1162 1420 1185 actus

355 1199 515 1239 religionis
539 1206 668 1240 propter
689 1199 910 1230 iusiurandum
935 1199 1137 1230 adiunctum:
1162 1206 1232 1229 tum
1255 1199 1331 1239 quia
1354 1209 1421 1229 ma-

355 1244 431 1275 teria
454 1243 622 1274 iuramenti
646 1244 738 1273 debet
762 1253 828 1274 esse
844 1251 931 1274 actus
947 1243 1069 1274 virtutis
1094 1243 1354 1282 praesuppositus
1373 1243 1421 1273 iu·
1446 1249 1447 1264 ³

355 1295 509 1324 ramento,
534 1295 563 1318 et
588 1298 653 1318 non
677 1286 742 1317 fieri
766 1294 853 1318 actus
869 1287 992 1318 virtutis
1011 1297 1047 1317 ex
1062 1287 1252 1319 iuramento.
1277 1293 1313 1316 ut
1336 1293 1422 1326 patet
1446 1295 1447 1306 ¹

355 1333 394 1363 de
418 1332 547 1363 materia
570 1332 651 1367 voti;
686 1338 755 1362 tum
778 1332 854 1371 quia
876 1334 1012 1366 Auctor,
1038 1331 1189 1370 ponendo
1214 1329 1420 1361 differentiam

355 1377 435 1407 inter
457 1384 568 1407 votum
594 1383 624 1406 et
646 1376 871 1411 iuramentum,
895 1375 927 1405 in
952 1385 1034 1415 resp.
1058 1375 1098 1404 ad
1116 1385 1126 1404 1
1155 1374 1258 1415 quinti
1281 1381 1336 1405 art.
1362 1375 1420 1406 hu-

354 1421 403 1451 ius
431 1427 569 1461 quaest.,
601 1419 744 1459 explicite
775 1420 867 1450 docet
895 1419 984 1460 quod
1014 1419 1093 1449 illud
1123 1419 1212 1459 quod
1240 1418 1419 1450 iuramento

355 1464 560 1495 confirmatur
584 1473 648 1493 non
674 1470 802 1503 propter
821 1464 883 1494 hoc
905 1463 940 1494 fit
960 1463 1121 1503 religionis
1137 1470 1236 1494 actus.

409 1509 450 1539 Et
469 1508 683 1539 confirmatur.
709 1508 792 1545 Quia
816 1508 885 1539 talis
910 1507 1060 1538 exhibitio
1085 1515 1213 1538 centum
1237 1514 1283 1538 est
1307 1507 1420 1538 nociva

355 1553 555 1593 spiritualiter
586 1552 750 1592 receptori.
781 1553 869 1582 Tum
902 1552 977 1593 quia
1009 1551 1190 1592 recipiendo
1221 1558 1347 1592 peccat:
1379 1559 1419 1588 et,

354 1597 498 1638 quamvis
522 1603 668 1638 paratus,
699 1597 902 1636 adiungendo
927 1604 1033 1628 tamen
1056 1603 1163 1627 actum
1192 1595 1351 1626 exterioris
1374 1606 1419 1627 re-

355 1642 525 1682 ceptionis,
557 1640 591 1671 fit
614 1640 712 1680 peior.
738 1641 826 1671 Tum
849 1641 924 1681 quia
947 1641 1127 1681 recipiendo
1147 1640 1289 1670 redditur
1312 1640 1420 1671 diffici-
1445 1640 1447 1664 ἕ

353 1686 414 1717 lior
435 1687 475 1716 ad
498 1685 632 1716 reditum
657 1685 690 1715 in
705 1685 790 1715 viam
813 1685 940 1716 salutis:
973 1692 1094 1725 quanto
1118 1684 1274 1715 difficilius
1298 1691 1345 1715 est
1372 1695 1419 1715 re-

354 1731 481 1762 stituere
504 1737 667 1770 receptum
691 1739 789 1770 quam
813 1730 1021 1760 solummodo
1045 1729 1216 1769 poenitere.

409 1775 490 1805 VIII.
515 1775 676 1805 Praeterea
690 1773 717 1810 *,
735 1774 864 1804 materia
886 1774 1054 1804 iuramenti
1070 1773 1266 1814 promissorii
1291 1783 1357 1803 non
1374 1781 1420 1804 est
1445 1782 1446 1787 ¹

353 1819 482 1849 materia
505 1818 672 1852 iuramenti
696 1818 895 1854 immediate,
922 1818 976 1848 sed
1008 1818 1166 1848 mediante
1189 1817 1417 1857 promissione:
1444 1840 1446 1852 ζ

353 1873 428 1893 nam
449 1863 663 1893 iuramentum
687 1862 931 1902 promissorium
955 1862 1176 1902 promissionis
1193 1868 1238 1892 est
1254 1860 1419 1892 confirma-

352 1908 407 1938 tio.
429 1908 709 1948 Quandocumque
725 1914 831 1937 autem
849 1914 985 1937 extrema
1001 1906 1177 1946 iunguntur
1192 1916 1248 1946 per
1264 1905 1418 1942 medium,
1445 1930 1446 1956 ἦ

353 1959 492 1982 cessante
520 1951 626 1981 medio
658 1958 756 1981 cessat
785 1951 968 1982 coniunctio
993 1958 1216 1982 extremorum.
1248 1949 1419 1981 Desinente

353 2006 427 2036 ergo
458 1996 687 2036 promissione,
712 1995 826 2026 desinit
849 1995 916 2026 eius
940 1996 1070 2026 materia
1094 2005 1160 2025 esse
1184 1994 1314 2024 materia
1337 1994 1418 2025 iura·
1444 2011 1445 2015 =

352 2040 461 2071 menti.
486 2040 547 2070 Sed
563 2040 596 2070 in
612 2040 778 2080 proposito
798 2039 911 2070 desinit
934 2039 1120 2079 promissio:
1145 2039 1230 2079 quia,
1254 2045 1290 2069 ut
1313 2037 1345 2068 in
1370 2039 1419 2070 lit-

352 2092 417 2115 tera
440 2084 571 2120 dicitur,
596 2084 767 2124 promissio
795 2094 861 2114 non
886 2084 1014 2124 obligat.
1046 2084 1131 2123 Ergo
1157 2083 1326 2113 iuramenti
1350 2093 1418 2114 ma-

352 2129 428 2159 teria
452 2128 574 2158 desinit.
603 2129 644 2159 Et
668 2135 897 2168 consequenter
916 2128 1131 2159 iuramentum
1155 2138 1221 2157 non
1245 2126 1374 2167 obligat.

408 2173 449 2203 Et
466 2171 670 2203 confirmatur
686 2172 762 2203 haec
778 2173 868 2204 ratio.
894 2173 978 2210 Quia
994 2173 1139 2203 videmus
1155 2171 1244 2212 quod
1261 2171 1420 2202 iuramen-

353 2225 421 2248 tum
438 2217 581 2257 sequitur
599 2217 663 2247 vim
680 2217 911 2257 promissionis.
940 2218 1023 2247 Nam
1040 2217 1065 2247 si
1082 2216 1251 2257 promissio
1269 2223 1315 2246 est
1331 2216 1417 2252 mali,

354 2269 408 2292 aut
431 2261 544 2297 nocivi,
570 2268 624 2292 aut
656 2261 785 2298 inutilis,
810 2268 864 2292 aut
893 2261 1067 2303 impeditivi
1092 2261 1220 2291 maioris
1244 2261 1338 2297 boni,
1364 2267 1419 2291 aut

353 2306 583 2346 praeiudicialis
599 2306 703 2342 alteri,
729 2306 804 2346 quia
829 2304 999 2346 promissio
1015 2316 1080 2336 non
1105 2305 1240 2345 obligat,
1261 2305 1419 2335 iuramen—

354 2358 424 2381 tum
447 2360 511 2380 non
537 2350 672 2390 obligat:
698 2351 827 2391 quando
856 2350 1025 2390 promissio
1051 2350 1178 2389 obligat,
1203 2349 1418 2380 iuramentum

354 2394 481 2434 obligat.

408 2439 449 2468 Et
473 2437 686 2468 confirmatur.
712 2438 796 2474 Quia
820 2440 900 2468 sicut
931 2437 1130 2469 confirmatio
1159 2438 1223 2467 dati
1247 2437 1324 2467 nihil
1348 2438 1419 2474 dat,

354 2482 408 2512 sed
431 2482 534 2512 firmat
558 2482 683 2518 datum;
708 2482 750 2512 ita
773 2482 970 2513 confirmatio
995 2482 1142 2522 promissi
1167 2492 1232 2512 non
1254 2482 1420 2521 promittit,

355 2527 409 2557 sed
433 2534 479 2557 est
501 2525 630 2556 firmitas
654 2526 812 2566 promissi.
845 2529 891 2556 Ac
914 2537 970 2566 per
994 2527 1068 2562 hoc,
1094 2526 1370 2566 quemadmodum
1395 2526 1420 2556 si

355 2571 484 2601 donatio
509 2570 618 2601 fuisset
641 2570 796 2608 invalida,
821 2569 1020 2600 confirmatio
1045 2580 1111 2600 non
1135 2570 1250 2601 faceret
1274 2580 1344 2600 eam
1367 2580 1421 2600 va-

355 2615 467 2651 lidam;
497 2615 549 2651 ita,
573 2615 597 2645 si
621 2614 791 2654 promissio
816 2614 876 2645 fuit
898 2614 1044 2650 invalida,
1069 2614 1284 2644 iuramentum
1309 2613 1422 2644 confir-

355 2659 527 2689 matorium
543 2669 608 2689 non
625 2658 697 2690 facit
712 2669 779 2689 esse
794 2659 941 2689 validam.
959 2659 999 2689 Et
1011 2658 1056 2689 sic
1072 2658 1214 2699 sequitur
1229 2658 1315 2688 idern
1332 2659 1421 2699 quod

356 2704 452 2744 prius.

411 2748 463 2778 IX.
481 2747 531 2778 Ad
548 2746 736 2777 evidentiam
754 2747 848 2778 huius
861 2747 1067 2788 quaestionis,
1084 2747 1249 2777 sciendum
1267 2753 1313 2777 est
1333 2747 1422 2787 quod

354 2792 530 2822 iuramenta
554 2798 671 2828 coacta,
696 2802 750 2822 seu
776 2802 812 2822 ex
836 2799 940 2828 metu,
966 2802 1002 2822 ex
1025 2791 1139 2831 triplici
1164 2791 1265 2831 capite
1287 2797 1423 2830 possunt

355 2835 560 2867 considerari:
586 2835 703 2866 scilicet
726 2846 762 2866 ex
786 2843 872 2876 parte
888 2836 1030 2872 iurantis,
1055 2842 1084 2866 et
1108 2846 1144 2866 ex
1168 2844 1254 2875 parte
1270 2835 1421 2874 cogentis,

355 2888 385 2911 et
409 2891 444 2911 ex
467 2887 554 2920 parte
574 2880 730 2911 materiae.
755 2881 796 2911 Et
820 2879 844 2910 si
861 2880 1099 2910 considerentur
1123 2890 1159 2910 ex
1178 2886 1265 2920 parte
1280 2879 1421 2917 iurantis,

356 2925 543 2964 obligatoria
566 2924 779 2955 inveniuntur.
805 2924 889 2962 Quia
913 2934 978 2954 non
993 2932 1039 2955 est
1062 2924 1104 2954 ibi
1128 2924 1279 2954 violentia
1303 2923 1423 2964 simpli-

358 2969 441 3004 citer,
467 2969 520 2999 sed
545 2969 652 3007 mixta,
676 2979 766 3009 quae,
792 2976 828 2999 ut
851 2968 964 2999 dicitur
994 2968 1026 2998 in
1050 2969 1089 2998 111
1105 2969 1208 2999 Ethic.
1223 2968 1250 3005 *,
1273 2968 1346 2999 licet
1369 2968 1422 2998 ha-

356 3015 427 3043 beat
450 3012 568 3054 aliquid
592 3013 630 3043 de
646 3013 870 3050 involuntario,
896 3013 1060 3044 constituit
1083 3019 1189 3043 tamen
1206 3013 1423 3043 voluntarium
1447 3033 1449 3035 ·

1447 3064 1449 3071 ‘
1475 3067 1536 3087 ma.
1566 3057 1607 3087 Et
1629 3062 1796 3096 propterea
1819 3054 2085 3096 quotiescumque
2109 3054 2240 3086 cessavit
2261 3055 2385 3086 vexatio
2409 3062 2440 3086 et
2462 3054 2543 3096 peri-

357 3058 507 3088 omnibus
538 3057 756 3088 consideratis:
789 3066 824 3088 ut
854 3065 939 3097 patet
970 3058 1007 3087 de
1039 3057 1223 3097 proiiciente
1247 3067 1366 3088 merces
1389 3057 1422 3087 in

357 3112 442 3132 mare
476 3108 619 3141 tempore
649 3101 853 3141 tempestatis.
884 3102 949 3132 Nec
980 3101 1012 3132 in
1041 3102 1102 3132 hoc
1131 3102 1237 3142 aliqua
1267 3108 1313 3132 est
1341 3101 1422 3132 diffi-
1447 3128 1449 3144 z

359 3146 467 3177 cultas.

414 3190 445 3220 Si
469 3199 544 3220 vero
569 3189 806 3221 considerentur
822 3199 858 3219 ex
881 3196 968 3229 parte
993 3189 1144 3229 cogentis,
1160 3199 1225 3219 non
1250 3196 1324 3220 sunt
1347 3189 1426 3220 obli-

357 3234 486 3275 gatoria.
511 3233 674 3271 Quoniam
698 3233 813 3264 iniuste
838 3234 981 3272 cogendo
1006 3243 1071 3263 non
1087 3240 1225 3263 meretur
1241 3233 1299 3263 sibi
1316 3233 1423 3264 obser-

357 3279 421 3309 vari
445 3279 659 3309 iuramentum
679 3278 718 3308 ad
738 3278 825 3318 quod
841 3277 959 3317 coegit:
985 3278 1065 3308 sicut
1081 3287 1138 3308 nec
1153 3277 1330 3317 simplicem
1349 3287 1423 3317 pro-

359 3323 546 3353 missionem
569 3323 608 3353 ad
632 3332 729 3363 quam
755 3322 867 3362 coegit.

412 3367 444 3397 Si
468 3375 575 3398 autem
599 3366 837 3397 considerentur
852 3376 888 3396 ex
912 3371 999 3406 parte
1023 3365 1180 3401 materiae,
1199 3371 1274 3395 tunc
1299 3371 1426 3404 oportet

360 3412 534 3441 secundum
559 3411 732 3442 subiectam
756 3410 919 3441 materiam
943 3410 1053 3440 dicere.
1078 3409 1110 3440 Si
1126 3409 1212 3439 enim
1231 3409 1360 3440 materia
1377 3416 1424 3440 est

360 3462 447 3485 actus
463 3455 594 3492 virtutis,
619 3455 834 3486 iuramentum
859 3461 905 3485 est
928 3453 1170 3494 obligatorium:
1195 3460 1225 3484 et
1249 3453 1274 3484 si
1294 3453 1424 3484 materia

361 3509 426 3529 non
450 3507 496 3530 est
519 3506 605 3530 actus
629 3499 762 3535 virtutis,
787 3499 1002 3529 iuramentum
1026 3508 1092 3528 non
1112 3504 1157 3528 est
1180 3497 1422 3537 obligatorium,

361 3543 435 3584 quia
458 3551 597 3583 vergeret
619 3543 652 3573 in
676 3543 863 3574 deteriorem
887 3543 1016 3574 exitum.
1045 3542 1208 3579 Quoniam
1231 3548 1318 3573 actus
1342 3542 1423 3572 iura-

361 3595 469 3618 mento
494 3587 668 3627 promissus
693 3594 819 3627 oportet
842 3587 930 3628 quod
954 3587 993 3617 sit
1016 3586 1129 3623 licitus,
1146 3596 1181 3616 ac
1206 3596 1261 3626 per
1282 3585 1343 3616 hoc
1367 3587 1423 3616 bo-

363 3642 421 3662 nus
446 3632 604 3662 moraliter
627 3631 659 3662 in
684 3631 866 3662 individuo:
893 3641 966 3662 cum
991 3641 1056 3661 non
1080 3631 1171 3661 detur
1193 3629 1372 3660 indifferens
1391 3630 1423 3660 in

987 282 1253 329 QUAESTIO
1284 282 1496 330 LXXXIX,
1526 283 1822 321 ARTlCULUS
1851 285 1919 321 V11

1478 360 1653 392 individuo.
1678 362 1718 392 Et
1741 361 1766 392 si
1791 369 1872 393 caret
1894 362 1927 392 in
1943 362 2107 393 individuo
2132 362 2315 394 necessitate
2337 370 2392 394 aut
2414 364 2466 404 pia
2482 364 2541 395 uti-

1477 404 1579 440 litate,
1604 404 1743 442 otiosus,
1768 416 1803 436 ac
1827 416 1882 446 per
1904 406 1966 436 hoc
1990 416 2056 436 non
2078 405 2182 437 licitus
2206 413 2262 438 est.
2297 407 2411 438 Omnis
2434 415 2542 439 autem

1477 455 1565 478 actus
1589 449 1693 480 bonus
1716 450 1878 481 moraliter
1901 450 2032 480 alicuius
2047 450 2170 481 virtutis
2190 457 2237 481 est
2259 457 2363 481 actus:
2388 452 2542 492 quoniam

1449 521 1451 528 ,
1478 493 1581 523 virtus
1603 498 1650 524 est
1671 503 1755 534 quae
1776 494 1892 524 bonum
1910 494 2015 525 reddit
2037 494 2203 525 habentem
2227 500 2258 525 et
2279 500 2386 526 actum
2401 497 2470 527 eius
2488 497 2541 527 bo-

1477 546 1565 574 num,
1584 543 1620 567 ut
1643 537 1756 569 dicitur
1771 538 1797 567 lI
1813 538 1916 569 Ethic.
1934 538 1951 557 *
1974 538 2113 576 Quando
2129 548 2204 578 ergo
2229 545 2317 569 actus
2340 538 2396 579 qui
2412 540 2541 571 materia

1477 587 1523 611 est
1545 580 1712 612 iuramenti
1736 591 1802 612 non
1826 589 1871 613 est
1895 589 1982 613 actus
1997 582 2131 619 virtutis,
2155 582 2372 613 iuramentum
2386 583 2485 624 vergit
2507 575 2584 614 inS

1477 625 1663 655 deteriorem
1687 625 1819 656 exitum:
1848 626 1923 667 quia
1947 626 2100 666 obligaret
2123 627 2162 657 ad
2186 633 2293 657 actum
2317 626 2459 658 otiosum
2482 628 2540 658 sal-

1476 675 1550 699 tem.
1582 669 1623 699 Et
1645 669 1720 710 quia
1743 669 1820 700 haec
1844 671 1912 701 sola
1936 680 2029 700 causa
2059 670 2175 702 sufficit
2199 671 2239 701 ad
2261 670 2386 701 irritum
2409 671 2540 702 redden-

1448 745 1449 751 *
1476 713 1554 743 dum
1570 712 1795 750 iuramentum,
1812 721 1843 744 et
1859 714 2040 745 communis
2056 722 2103 746 est
2118 722 2183 746 tam
2200 715 2316 746 coactis
2330 725 2430 756 quam
2445 725 2540 755 spon-

1447 790 1449 795 ,
1474 757 1573 787 taneis
1595 757 1796 794 iuramentis,
1822 758 1894 788 ideo
1917 759 2079 798 pensanda
2103 766 2158 790 est.
2189 759 2230 790 Et
2253 767 2288 790 ut
2316 759 2349 789 in
2373 759 2540 799 proposito

1475 811 1549 832 casu
1574 800 1768 832 examinetur
1792 801 1930 838 materia,
1955 802 2030 843 quia
2053 803 2266 834 communiter
2289 803 2476 834 huiusmodi
2491 803 2540 834 iu-

1447 854 1448 879 }
1475 852 1616 876 ramenta
1639 852 1747 876 coacta
1770 844 1851 876 fiunt
1874 845 1912 876 de
1929 853 2000 876 actu
2025 847 2081 887 qui
2105 854 2152 878 est
2173 847 2351 887 redemptio
2367 847 2540 879 vexationis

357 897 460 930 potest
483 897 631 930 repetere.
656 889 721 919 Nec
746 888 834 919 fidei:
859 889 951 930 quia,
977 896 1013 920 ut
1035 889 1067 919 in
1091 889 1192 920 littera
1216 889 1345 926 dicitur,
1370 900 1423 920 co·
1447 892 1448 904 ³

1475 890 1630 929 propriae,
1646 897 1692 927 ut,
1707 889 1739 919 in
1764 899 1837 920 casu
1862 890 2040 930 proposito,
2066 890 2207 922 incidens
2230 891 2263 921 in
2287 892 2443 922 latronem
2466 901 2540 932 pro-

1475 934 1571 965 mittit
1594 934 1622 964 ei
1646 940 1774 964 centum
1794 933 1926 964 ducatos
1949 944 2008 974 pro
2025 934 2088 965 vita
2104 945 2171 971 sua,
2187 942 2263 971 etc.;
2286 936 2359 966 ideo
2376 936 2540 967 sciendum

1475 985 1521 1009 est
1544 979 1633 1018 quod
1655 978 1687 1008 in
1704 978 1891 1008 huiusmodi
1914 978 2181 1018 promissionibus
2204 989 2271 1009 non
2284 979 2366 1010 cadit
2383 981 2442 1011 sub
2465 991 2539 1021 pro-

1474 1022 1624 1052 missione
1637 1022 1754 1052 donare
1767 1022 1891 1058 latroni,
1908 1029 1963 1053 aut
1982 1023 2126 1053 usurario
2139 1029 2169 1053 et
2187 1022 2383 1060 huiusmodi,
2400 1032 2538 1061 centum,

1474 1067 1529 1097 sed
1553 1067 1660 1097 solum
1686 1067 1830 1097 exhibere
1854 1066 1997 1097 exteriori
2021 1074 2092 1097 actu
2120 1067 2153 1097 in
2176 1066 2260 1097 illius
2291 1074 2446 1107 potestate
2469 1078 2539 1099 cen—

1474 1118 1558 1141 tum:
1589 1110 1743 1151 quoniam
1773 1111 1833 1141 hoc
1864 1110 1979 1141 sufficit
2002 1111 2041 1141 ad
2073 1110 2326 1151 redemptionem
2356 1111 2538 1143 vexationis.

1474 1155 1534 1186 Iste
1557 1162 1663 1185 autern
1688 1162 1775 1186 actus
1799 1154 1855 1195 qui
1871 1162 1918 1185 est
1939 1155 2082 1186 exhibere
2099 1162 2227 1186 centum
2250 1155 2364 1186 latroni
2388 1163 2442 1186 aut
2465 1165 2539 1186 usu—

1473 1199 1569 1235 rario,
1594 1199 1713 1229 nullius
1735 1199 1858 1229 virtutis
1882 1206 1928 1230 est
1951 1206 2040 1230 actus
2064 1199 2123 1230 nisi
2147 1207 2183 1230 ut
2205 1199 2309 1230 induit
2333 1199 2468 1230 formam
2493 1210 2538 1230 re-

1474 1243 1677 1283 demptionis.
1701 1243 1743 1273 Et
1765 1243 1819 1279 sic,
1836 1243 1861 1273 si
1877 1243 2003 1274 redimit
2017 1244 2217 1274 vexationem
2232 1243 2370 1280 alterius,
2387 1252 2433 1275 est
2452 1251 2539 1275 actus

1474 1286 1723 1317 misericordiae:
1749 1287 1774 1316 si
1797 1287 1975 1327 propriam,
1994 1295 2040 1319 est
2055 1288 2200 1324 caritatis,
2219 1288 2309 1318 cuius
2324 1295 2371 1319 est
2385 1288 2465 1319 velle
2481 1288 2540 1319 sibi

1472 1330 1533 1370 ipsi
1549 1331 1682 1367 bonum,
1699 1331 1787 1371 quod
1803 1331 1990 1361 redimendo
2006 1332 2206 1362 vexationem
2221 1332 2383 1372 propriam
2399 1331 2444 1368 fit,
2461 1333 2538 1364 dum

1473 1374 1580 1404 minus
1597 1375 1752 1404 damnum
1768 1374 1881 1404 maiori
1894 1375 2011 1405 damno
2029 1376 2244 1416 praeponitur.
2262 1377 2336 1413 Quo
2351 1376 2387 1407 fit
2403 1383 2438 1407 ut
2451 1383 2539 1408 actus

1472 1419 1530 1450 iste
1553 1418 1609 1469 qui
1629 1426 1675 1450 est
1699 1418 1843 1449 exhibere
1868 1426 1996 1449 centum
2018 1419 2133 1450 latroni
2156 1420 2207 1450 vel
2230 1420 2385 1457 usurario,
2409 1421 2482 1452 licet
2504 1428 2540 1452 ut

1473 1463 1659 1494 terminatur
1682 1463 1721 1493 ad
1746 1462 1949 1502 recipientem
1974 1463 2014 1493 sit
2036 1463 2080 1494 illi
2105 1463 2256 1500 nocivus,
2281 1471 2316 1495 ut
2345 1471 2452 1495 tamen
2479 1465 2542 1496 exit

1473 1508 1511 1538 ab
1536 1514 1647 1547 agente
1671 1508 1730 1538 sub
1754 1506 1857 1538 forma
1880 1507 2124 1547 redemptionis,
2149 1508 2188 1538 sit
2214 1515 2302 1539 actus
2328 1516 2465 1540 sanctus.
2500 1509 2542 1540 Et

1472 1559 1639 1592 propterea
1667 1551 1846 1582 iuramento
1870 1552 2036 1583 adstrictus
2060 1552 2100 1582 ad
2126 1552 2379 1593 redemptionem
2403 1553 2540 1584 vexatio-

1473 1596 1520 1626 nis
1547 1606 1621 1626 suae
1644 1595 1694 1626 vel
1725 1595 1869 1632 alterius,
1899 1603 2023 1626 tenetur
2046 1596 2235 1636 adimplere,
2261 1607 2327 1627 non
2348 1604 2478 1637 propter
2506 1597 2542 1628 il-

1472 1641 1540 1671 lum
1558 1640 1608 1671 cui
1632 1640 1805 1676 exhibetur,
1826 1640 1880 1670 sed
1899 1647 2029 1680 propter
2043 1640 2208 1671 vinculum
2224 1641 2263 1671 ad
2282 1641 2406 1672 virtutis
2422 1647 2539 1673 actum.

1472 1686 1604 1724 Propter
1625 1685 1715 1725 quod
1739 1684 1852 1714 dicitur
1875 1685 1979 1720 Extra,
2004 1685 2044 1715 de
2061 1684 2296 1722 Iureiurandm
2322 1695 2390 1726 cap.
2413 1686 2540 1717 Debito—

1473 1739 1534 1766 res,
1549 1729 1637 1769 quod
1661 1729 1717 1769 qui
1741 1729 1855 1759 iuravit
1878 1729 2000 1759 solvere
2023 1739 2134 1759 usuras
2159 1730 2320 1769 cogendus
2344 1737 2391 1760 est
2413 1730 2453 1760 ad
2477 1730 2539 1761 sol-

1471 1773 1622 1804 vendum.

1526 1818 1565 1848 X.
1589 1817 1649 1847 Sed
1674 1824 1750 1847 tunc
1774 1817 1839 1847 duo
1862 1817 2031 1856 insurgunt
2054 1816 2150 1848 dubia
2165 1816 2191 1848 *.
2223 1817 2366 1848 Primum
2392 1825 2447 1854 est,
2464 1818 2540 1859 quia

1472 1861 1650 1892 secundum
1674 1860 1736 1890 hoc
1760 1860 1912 1900 obligatio
1928 1861 1968 1890 ad
1985 1861 2175 1891 solvendum
2192 1868 2239 1892 est
2262 1872 2321 1902 pro
2345 1869 2466 1903 quanto
2482 1862 2540 1894 iste

1473 1913 1561 1936 actus
1584 1904 1689 1935 induit
1719 1904 1857 1935 formam
1882 1905 2118 1945 redemptionis.
2149 1906 2189 1935 Et
2213 1916 2249 1936 ex
2272 1906 2334 1936 hoc
2357 1913 2541 1946 sequeretur

1472 1950 1562 1990 quod
1586 1956 1758 1990 postquam
1777 1949 1879 1979 homo
1899 1949 1997 1980 evasit
2020 1949 2198 1989 periculum
2214 1949 2398 1988 vexationis,
2414 1960 2481 1980 non
2497 1958 2540 1981 te-

1472 2001 1565 2025 netur
1596 1994 1717 2024 solvere
1747 1993 2001 2034 redemptionem
2035 1993 2228 2033 promissam
2256 2004 2331 2024 cum
2361 1994 2542 2026 iuramento

1472 2038 1657 2079 praeteritae
1673 2038 1858 2068 vexationis.
1882 2038 1977 2068 Verbi
2001 2037 2110 2078 gratia,
2134 2038 2269 2068 Ioannes
2291 2044 2339 2068 est
2361 2037 2476 2069 iniuste
2491 2049 2542 2070 ca-

1472 2083 1589 2123 ptivus,
1614 2089 1644 2113 et
1668 2082 1860 2113 occidendus
1885 2082 1945 2112 nisi
1961 2082 2014 2112 det
2030 2089 2169 2113 centum.
2193 2081 2355 2113 Promittit
2375 2083 2434 2114 sub
2457 2082 2541 2114 iura-

1471 2133 1582 2158 mento
1606 2126 1762 2157 detentori
1785 2127 1858 2157 dare
1875 2126 1933 2156 sibi
1950 2133 2078 2157 centum
2099 2126 2124 2156 si
2141 2136 2215 2157 eum
2233 2126 2351 2157 liberet.
2376 2126 2542 2158 Liberatur

1472 2173 1530 2202 sub
1555 2171 1613 2202 hac
1636 2170 1714 2207 fide,
1739 2178 1770 2201 et
1793 2171 1873 2201 redit
1895 2171 1934 2200 ad
1965 2178 2068 2210 partes
2097 2171 2258 2211 propriaS,
2284 2170 2339 2201 ubi
2362 2181 2428 2201 non
2451 2171 2543 2203 timet

1470 2216 1608 2256 amplius
1623 2215 1737 2246 vexari.
1761 2214 1929 2256 Numquid
1947 2215 2104 2245 tenebitur
2120 2215 2193 2245 dare
2209 2212 2355 2246 centum?
2377 2215 2541 2252 Quoniam

1470 2261 1529 2291 ista
1546 2259 1674 2295 solutio,
1692 2259 1716 2289 si
1737 2258 1800 2295 fiat,
1819 2269 1884 2289 non
1902 2259 1959 2290 erit
1978 2259 2154 2300 redemptio
2171 2259 2361 2290 vexationis:
2385 2260 2541 2300 quoniam

1470 2304 1594 2335 vexatio
1619 2304 1784 2344 praeterita
1800 2314 1865 2334 non
1883 2310 1930 2334 est
1945 2304 2078 2340 vexatio,
2099 2303 2180 2334 sicut
2199 2313 2256 2334 nec
2275 2303 2376 2334 homo
2394 2311 2540 2338 mortuus

1472 2356 1519 2380 est
1541 2349 1653 2379 homo.

1528 2393 1712 2424 Secundum
1729 2392 1864 2422 dubium
1879 2399 1935 2427 est,
1960 2402 2056 2432 quare
2074 2392 2208 2432 simplex
2221 2392 2402 2432 *promissio
2419 2393 2540 2424 redem-

1472 2437 1591 2478 ptionis
1613 2447 1679 2467 non
1699 2436 1827 2476 obligat,
1844 2443 1874 2467 et
1892 2436 2108 2467 iuramentum
2127 2436 2259 2476 obligat:
2284 2446 2359 2467 cum
2375 2436 2541 2478 utriusque

1473 2482 1603 2512 materia
1627 2487 1715 2511 actus
1739 2480 1862 2511 virtutis
1886 2480 1925 2510 sit
1949 2490 2032 2511 unus
2056 2487 2086 2510 et
2109 2479 2204 2511 idem.

1528 2526 1582 2556 XI.
1607 2525 1658 2555 Ad
1681 2524 1823 2564 primum
1846 2525 1964 2554 horum
1979 2524 1996 2543 *
2019 2531 2125 2564 potest
2148 2524 2249 2563 prima
2266 2523 2344 2554 facie
2367 2524 2428 2555 dici
2453 2525 2541 2565 quod

1474 2570 1559 2611 quia,
1575 2575 1715 2600 cessante
1731 2567 1906 2604 vexatione,
1923 2575 2022 2599 cessat
2040 2567 2218 2608 redemptio
2233 2567 2333 2604 illius;
2358 2574 2389 2599 et
2403 2576 2542 2601 cessante

1475 2613 1578 2644 forma
1606 2612 1834 2652 redemptionis
1865 2613 1903 2642 ab
1926 2619 1998 2643 actu
2027 2612 2193 2642 exhibendi
2222 2619 2361 2649 centum,
2380 2619 2467 2643 actus
2490 2613 2543 2644 ille

1473 2657 1600 2688 illicitus
1625 2664 1680 2693 est,
1705 2656 1780 2697 quia
1803 2656 1899 2687 habet
1922 2656 2060 2696 speciem
2083 2656 2174 2692 mali,
2199 2656 2275 2696 quia
2297 2656 2430 2687 nocivus
2454 2657 2543 2697 spiri-

1473 2701 1598 2733 tualiter
1620 2701 1768 2742 proximo
1793 2700 2025 2740 multipliciter,
2050 2707 2081 2731 et
2104 2701 2180 2741 quia
2203 2700 2432 2740 prodigalitatis
2456 2708 2544 2732 actus

1475 2753 1522 2777 est
1545 2746 1719 2785 expendere
1736 2745 1866 2786 quando
1891 2751 1921 2775 et
1944 2755 2041 2786 quare
2065 2755 2130 2775 non
2146 2751 2289 2785 oportet;
2314 2753 2544 2786 consequenter

1475 2791 1690 2821 iuramentum
1715 2799 1780 2819 non
1805 2789 1935 2829 obligat.
1959 2789 2002 2819 Et
2022 2790 2110 2830 quod
2134 2789 2202 2820 iura
2226 2796 2256 2820 et
2279 2789 2440 2826 doctores,
2465 2790 2543 2821 dum

1447 2843 1449 2877 ξ
1475 2835 1585 2865 dicunt
1608 2834 1697 2874 quod
1712 2834 1889 2864 iuramenta
1904 2833 1963 2864 ista
1979 2833 2130 2873 obligant,
2150 2833 2282 2873 intelligi
2301 2834 2426 2870 debent,
2442 2841 2543 2866 stante

1475 2879 1578 2910 forma
1594 2878 1836 2919 redemptionis:
1862 2878 1904 2908 ita
1928 2877 2017 2918 quod
2041 2877 2184 2918 quandiu
2201 2884 2289 2908 actus
2305 2878 2426 2909 iuratus
2449 2878 2544 2910 habet

1474 2923 1630 2955 rationem
1654 2921 1892 2962 redemptionis,
1919 2921 2028 2953 tandiu
2048 2922 2207 2961 obligatur
2220 2922 2278 2953 iste
2295 2932 2332 2952 ex
2347 2922 2542 2959 iuramento;

1475 2978 1550 2999 cum
1565 2974 1673 2998 autem
1697 2977 1763 2997 non
1782 2966 1877 2997 habet
1892 2966 2049 2997 rationem
2065 2966 2302 3007 redemptionis,
2323 2976 2389 2997 non
2409 2973 2542 3004 tenetur,

1475 3012 1550 3053 quia
1566 3019 1654 3042 actus
1670 3011 1722 3041 ille
1742 3021 1807 3041 non
1831 3017 1878 3041 est
1897 3010 2027 3042 materia
2046 3010 2215 3042 iuramenti
2239 3010 2299 3041 nisi
2322 3011 2381 3042 sub
2404 3010 2457 3041 illa
2481 3010 2544 3042 fot-

1476 3101 1595 3137 culum,
1620 3110 1687 3130 non
1710 3099 1870 3139 obligatur
1892 3099 2040 3139 amplius.

1531 3145 1604 3175 Hoc
1631 3151 1738 3175 tamen
1769 3143 1908 3179 dictum,
1932 3143 2005 3174 licet
2032 3142 2072 3173 sit
2094 3152 2207 3174 verum
2237 3143 2344 3183 quoad
2368 3143 2540 3179 maiorem,

1474 3188 1592 3219 scilicet
1614 3188 1714 3229 quod,
1739 3194 1879 3218 cessante
1903 3187 2007 3218 forma
2030 3186 2266 3227 redemptionis,
2292 3194 2391 3218 cessat
2413 3186 2543 3219 materia

1474 3232 1544 3263 talis
1567 3232 1753 3268 iuramenti;
1778 3231 1895 3262 falsum
1918 3238 2024 3262 tamen
2048 3230 2215 3267 subsumit,
2240 3230 2358 3262 scilicet
2380 3230 2471 3272 quod
2490 3239 2542 3262 ex·

1475 3276 1588 3307 hibitio
1612 3276 1670 3306 ista
1698 3285 1764 3306 non
1787 3274 1842 3306 fiat
1872 3276 1930 3306 sub
1954 3275 2058 3306 forma
2082 3275 2320 3316 redemptionis.
2352 3275 2441 3306 Tum
2466 3274 2542 3315 quia

1476 3327 1563 3351 actus
1588 3319 1622 3351 fit
1645 3320 1703 3351 sub
1728 3319 1831 3350 forma
1855 3330 1918 3360 qua
1941 3319 2062 3350 iuratus
2087 3326 2148 3350 est:
2178 3326 2300 3350 constat
2322 3326 2430 3351 autem
2451 3318 2542 3359 quod

1477 3371 1523 3395 est
1545 3364 1666 3395 iuratus
1690 3364 1748 3394 sub
1768 3363 1871 3394 forma
1886 3363 2128 3404 redemptionis:
2154 3373 2229 3404 ergo
2246 3370 2414 3400 exercetur,
2438 3371 2540 3403 quan-

1476 3409 1659 3449 documque
1676 3415 1845 3444 exercetur,
1870 3408 1928 3438 sub
1953 3408 2056 3438 forma
2073 3407 2309 3448 redemptionis,
2324 3406 2490 3438 inchoatae
2508 3406 2541 3437 in

1475 3453 1665 3489 iuramento,
1682 3452 1953 3483 consummandae
1973 3452 2005 3482 in
2030 3451 2230 3484 exhibitione.
2253 3451 2296 3482 Et
2317 3460 2390 3482 cum
2407 3450 2539 3481 dicitur:

1479 3497 1608 3528 Vexatio
1633 3507 1698 3527 non
1723 3503 1778 3532 est,
1804 3507 1840 3527 ac
1863 3506 1920 3537 per
1941 3496 2004 3527 hoc
2027 3506 2094 3527 non
2115 3501 2221 3536 potest
2241 3494 2367 3525 redimi:
2391 3511 2411 3518 ·
2437 3494 2541 3525 dicen-

1477 3542 1555 3572 dum
1579 3547 1625 3571 est
1644 3542 1730 3582 quod
1755 3541 1831 3581 quia
1852 3540 1976 3571 vexatio
2000 3540 2069 3576 fuit,
2093 3546 2124 3570 et
2145 3538 2322 3578 redemptio
2346 3545 2392 3570 est
2414 3538 2478 3569 iam
2495 3539 2541 3569 in-

1477 3586 1589 3616 choata
1605 3585 1684 3616 olim
1707 3585 1838 3626 quando
1855 3591 1919 3615 erat
1934 3584 2068 3620 vexatio,
2085 3584 2163 3614 dum
2182 3583 2360 3613 iuramento
2385 3582 2542 3623 promissa

1478 3637 1524 3660 est
1534 3639 1542 3666 ;
1567 3629 1639 3660 ideo
1656 3629 1838 3660 conceditur
1857 3629 1946 3670 quod
1961 3628 2018 3658 iste
2044 3634 2131 3658 actus
2154 3637 2220 3657 non
2237 3627 2329 3658 habet
2345 3637 2462 3658 novam
2478 3627 2540 3658 for-

2568 548 2645 598 Sca'lph
2648 553 2759 596 .v¹le‹:t.2
2749 581 2780 597 νι.

2568 1825 2576 1834 ·
2591 1822 2628 1845 (Ἃ.
2637 1828 2708 1846 mm.
2722 1829 2756 1845 ιι.

2570 2536 2580 2546 ·
2593 2534 2664 2557 Num.
2676 2534 2782 2563 praeced.
