2860 4244
24 343 26 347 ,
15 167 29 317 »ἢκ-εμεν-
21 102 32 130 ;,

68 379 78 390 ⁸
86 377 153 399 Vei-s.
163 382 196 398 ιο.

30 1607 31 1610 ¹
65 1596 277 1626 ·m·.ap.xvm,

65 1629 127 1648 ven.
139 1629 172 1647 ιι,

945 249 1211 295 QUAESTIO
1242 250 1468 298 LXXXVII,
1498 249 1793 287 ARTICULUS
1823 250 1836 286 l

298 326 385 373 rlege
401 325 588 363 dabantur
603 327 651 363 ad
667 316 977 364 sustentationem
997 327 1255 364 ministrorum
1269 327 1359 364 Dei:

303 379 405 416 unde
426 378 558 415 dicitur
575 378 739 416 Malach.
760 392 796 416 111
810 379 844 416 ³⁸:
874 380 1016 428 Inferte
1033 392 1182 416 omnem
1201 380 1361 417 decima-

303 431 440 468 tionem
470 431 507 468 in
534 433 713 469 horreum
741 444 885 479 meum,
916 438 956 469 ut
979 433 1028 469 sit
1052 433 1155 469 cibus
1183 433 1219 469 in
1249 433 1360 470 domo
1387 458 1389 468 .

303 495 400 521 mea.
430 484 542 521 Unde
569 493 816 534 praeceptum
845 485 892 522 de
918 485 1106 522 solutione
1127 485 1362 522 decimarum

303 536 441 585 partim
470 537 626 585 quidem
651 546 730 574 erat
756 539 914 582 morale,
933 537 1094 575 inditum
1122 538 1282 574 naturali
1305 551 1363 575 ra-
1388 558 1389 565 κ

304 589 397 626 tioni
416 595 453 626 7¹²:
482 589 619 638 partim
640 598 768 626 autem
789 598 868 626 erat
890 590 1075 637 iudiciale,
1097 602 1141 627 ex
1161 591 1289 628 divina
1309 591 1363 627 in-

305 642 496 695 stitutione
523 642 641 679 robur
669 642 826 679 habens.
861 643 975 689 Quod
1006 643 1107 680 enim
1137 644 1190 680 eis
1218 644 1281 692 qui
1310 643 1361 680 di-

303 694 395 732 vino
417 694 531 731 cultui
554 694 815 732 ministrabant
833 696 882 732 ad
900 696 1060 732 salutern
1081 696 1213 745 populi
1236 696 1360 743 totius,

303 747 468 795 populus
496 748 709 784 necessaria
726 747 849 785 victus
869 748 1106 796 ministraret,
1136 749 1230 786 ratio
1255 756 1363 785 natu·
1388 747 1389 751 ’

304 799 391 835 ralis
412 799 539 836 dictat:
569 799 663 837 sicut
691 808 727 837 et
753 800 810 837 his
831 801 895 848 qui
915 801 1111 838 communi
1138 801 1282 839 utilitati
1309 801 1363 837 in·
1388 799 1389 826 ἶ

303 851 477 900 vigilant,
507 852 647 889 scilicet
673 853 907 902 principibus
944 862 979 891 et
1005 854 1185 891 militibus
1220 861 1256 890 et
1284 853 1362 890 aliis
1388 845 1390 890 f

301 904 540 950 huiusmodi,
570 906 759 954 stipendia
785 907 908 943 victus
937 907 1130 946 debentur,
1151 919 1173 943 a
1205 907 1361 954 populo.
1388 918 1390 946 j

304 957 416 994 Unde
445 965 481 994 et
508 960 716 1007 Apostolus
744 960 820 996 hoc
846 961 1004 1008 probat,
1034 961 1048 995 I
1077 959 1128 996 ad
1159 959 1246 995 Cor.
1276 970 1311 994 1x
1329 958 1362 1005 *,
1389 966 1390 979 ¹

303 1022 373 1058 per
392 1011 580 1048 humanas
607 1012 914 1058 consuetudines,
936 1012 1081 1049 dicens:
1116 1011 1207 1053 Quis
1231 1011 1366 1047 militat
1389 1018 1391 1060 ξ

303 1063 380 1099 suis
414 1064 603 1111 stipendiis
639 1064 838 1113 unquam?
873 1065 963 1106 Quis
990 1062 1003 1085 θ
1031 1063 1182 1112 plantat
1213 1064 1363 1100 vineam
1389 1062 1391 1103 ἓ

305 1121 341 1152 et
366 1116 411 1153 de
424 1116 619 1164 fructibus
646 1117 724 1154 eius
751 1129 825 1154 non
854 1117 956 1153 edit?
992 1117 1067 1154 Sed
1097 1116 1362 1154 determinatio

307 1176 430 1206 certae
461 1169 578 1218 partis
616 1169 851 1207 exhibendae
885 1169 1064 1206 ministris
1092 1169 1209 1206 divini
1243 1170 1363 1207 cultus
1390 1191 1391 1199 κ

305 1233 384 1259 non
413 1228 468 1258 est
495 1221 543 1259 de
570 1221 650 1259 iure
680 1222 855 1269 naturali,
886 1222 953 1259 sed
982 1230 1038 1259 est
1069 1222 1282 1259 introducta
1310 1223 1364 1260 in-

305 1273 497 1311 stitutione
517 1274 647 1311 divina
666 1275 878 1312 secundum
899 1275 1157 1312 conditionem
1181 1275 1277 1312 illius
1296 1288 1365 1324 po·
1390 1282 1391 1323 j

301 1326 383 1377 puli
403 1326 462 1363 cui
481 1327 540 1363 lex
559 1327 738 1374 dabatur;
765 1329 831 1376 qui
852 1341 939 1365 cum
964 1328 1002 1365 in
1022 1328 1227 1366 duodecim
1246 1329 1364 1366 tribus
1390 1347 1391 1352 ¹

296 1378 587 1435 ,essetfdivis'usj
614 1380 842 1419 duodecima
870 1382 1000 1428 tribus,
1026 1381 1165 1418 scilicet
1183 1381 1363 1430 Levitica,

299 1758 490 1800 quantum
510 1750 559 1788 ad
579 1750 935 1788 determinationem
951 1751 1122 1788 decimae
1141 1750 1269 1799 partis,
1287 1758 1367 1788 erat

295 1803 496 1842 iudiciale:
524 1803 619 1841 sicut
638 1813 674 1841 et
698 1804 770 1841 alia
789 1805 908 1841 multa
927 1804 1138 1852 specialiter
1156 1804 1194 1840 in
1214 1803 1278 1840 illo
1298 1817 1367 1853 po·-

295 1856 395 1906 pulo
415 1856 582 1895 instituta
601 1866 707 1894 erant
725 1857 777 1895 ad‘
793 1857 1060 1906 aequalitatem
1079 1857 1176 1894 inter
1190 1857 1366 1894 homines

305 1909 355 1946 ad
373 1908 538 1947 invicem
559 1911 863 1948 conservandam
883 1911 1096 1947 secundum
1115 1910 1246 1959 populi
1270 1909 1367 1947 illius
1392 1904 1393 1952 J

306 1962 576 2010 conditionem,
598 1975 695 2012 quae
724 1963 912 2000 iudicialia
939 1971 1144 2012 praecepta
1171 1962 1364 2009 dicuntur;
1392 1964 1393 2004 j

305 2015 391 2053 licet
427 2027 472 2053 ex
501 2016 750 2065 consequenti
777 2016 916 2064 aliquid
955 2016 1209 2064 significarent
1243 2016 1282 2052 in
1311 2017 1366 2053 fu-
1392 2041 1393 2066 3

1392 2068 1393 2076 ¹
1419 2067 1487 2104 sed
1507 2067 1639 2105 dicitur
1654 2067 1759 2117 quod
1778 2067 2021 2116 primogeniti
2040 2075 2146 2104 erant
2166 2068 2393 2116 sacerdotes,
2415 2068 2479 2116 qui

304 2075 451 2112 turum,
481 2069 576 2105 sicut
611 2077 648 2106 et
681 2069 812 2106 omnia
841 2081 976 2106 eorum
1004 2069 1122 2116 facta,
1153 2069 1365 2106 secundum

304 2121 396 2158 illud
425 2123 438 2158 1
467 2122 519 2159 ad
540 2122 628 2159 Cor.
648 2135 672 2159 x
690 2122 722 2170 ²⁸,
761 2122 897 2160 Omnia
926 2123 963 2159 in
980 2123 1160 2172 figuram
1180 2128 1196 2143 κ
1224 2123 1366 2159 contin-

303 2175 446 2225 gebant
471 2174 564 2219 illis;
591 2174 630 2212 in
657 2187 734 2224 quo
756 2175 1035 2213 conveniebant
1062 2187 1151 2212 curn
1171 2187 1365 2212 caeremo-
1391 2170 1393 2198 3

304 2226 466 2265 nialibus
501 2228 730 2277 praeceptis,
768 2240 866 2276 quae
909 2227 1163 2277 principaliter
1199 2227 1366 2265 instituta
1391 2246 1392 2249 ¹

305 2288 412 2318 erant
447 2280 497 2317 ad
525 2280 816 2328 significandum
853 2281 996 2330 aliquid
1031 2281 1211 2318 futurum.
1253 2281 1364 2318 Unde
1390 2298 1392 2334 3

304 2341 341 2370 et
368 2341 617 2382 praeceptum
646 2334 692 2371 de
720 2333 876 2371 decimis
904 2334 1167 2383 persolvendis
1195 2333 1256 2370 hic
1275 2332 1290 2356 λ
1319 2335 1365 2371 si-

302 2385 455 2435 gnificat
483 2386 622 2436 aliquid
650 2387 687 2423 in
716 2387 905 2423 futurum:
943 2387 1008 2435 qui
1043 2386 1143 2423 enirn
1173 2386 1362 2424 decimam

258 2478 262 2483 ,
296 2438 379 2488 dat,
409 2451 506 2488 quae
536 2446 591 2476 est
617 2440 858 2488 perfectionis
887 2440 1037 2487 signum
1073 2442 1135 2487 (eo
1166 2440 1270 2487 quod
1300 2440 1363 2477 de-

303 2491 430 2529 narius
451 2499 506 2528 est
524 2492 817 2541 quodammodo
837 2505 1019 2529 numerus
1037 2493 1237 2540 perfectus,
1254 2493 1364 2540 quasi

301 2544 448 2594 primus
466 2545 574 2582 limes
594 2558 857 2593 numerorum,
877 2546 973 2582 ultra
989 2557 1106 2593 quem
1127 2557 1330 2582 numerum
1346 2552 1363 2574 μ

303 2609 382 2635 non
409 2598 632 2646 procedunt,
663 2598 730 2636 sed
759 2599 983 2635 reiterantur
1004 2599 1052 2634 ab
1081 2600 1187 2645 uno),
1218 2610 1361 2635 novem

303 2650 378 2687 sibi·
401 2650 569 2699 partibus
597 2652 810 2699 reservatis,
830 2658 1061 2700 protestatur
1078 2651 1186 2701 quasi
1212 2651 1249 2687 in
1269 2663 1364 2699 quo·
1389 2646 1390 2681 l

304 2703 393 2740 darn
422 2703 528 2751 signo
557 2705 606 2741 ad
635 2717 675 2741 se
694 2705 882 2753 pertinere
910 2704 1249 2753 imperfectionem,
1278 2716 1363 2752 per·

302 2755 508 2803 sectionem
536 2768 643 2804 vero,
673 2769 772 2806 quae
802 2765 881 2794 erat
908 2757 1032 2794 futura
1059 2769 1128 2805 per
1156 2756 1361 2804 Christum,

303 2821 387 2846 esse
427 2809 702 2857 expectandam
740 2822 762 2846 a
789 2811 887 2847 Deo.
931 2810 1016 2846 Nec
1043 2816 1173 2846 tamen
1205 2817 1363 2857 propter

302 2862 378 2899 hoc
399 2869 455 2898 est
483 2862 761 2899 caeremoniale
789 2870 1049 2911 praeceptum,
1080 2862 1148 2898 sed
1175 2861 1361 2909 iudiciale,
1388 2906 1389 2910 Ἰ

1387 2911 1389 2954 j
1415 2913 1589 2950 victimis.
1620 2913 1772 2950 Tertiae
1791 2924 1885 2950 vero
1906 2912 2090 2960 decimae,
2112 2924 2206 2960 quas
2227 2923 2313 2948 curn
2333 2924 2475 2960 paupe-

302 2923 345 2952 ut
372 2914 514 2952 dictum
543 2922 609 2952 est.

357 2968 426 3004 Est
452 2975 580 3004 autem
600 2968 696 3004 haec
716 2967 928 3004 differentia
955 2966 1052 3003 inter
1071 2966 1362 3003 caeremonialia

269 3039 276 3050 ,
304 3029 341 3057 et
369 3019 557 3057 iudicialia
583 3020 675 3068 legis
703 3028 918 3069 praecepta,
938 3027 980 3056 ut
1006 3031 1119 3068 supra
1138 3018 1158 3040 *
1186 3019 1360 3067 diximus,

304 3073 408 3122 quod
437 3073 729 3110 caeremonialia
757 3073 925 3110 illicitum
955 3080 1010 3109 est
1038 3073 1243 3109 observare
1268 3079 1363 3109 tem-

302 3138 397 3176 pore
426 3126 516 3175 legis
544 3138 689 3163 novae:
719 3126 908 3164 iudicialia
931 3137 1038 3172 ver0,
1066 3125 1134 3162 etsi
1162 3137 1241 3162 non
1269 3124 1362 3162 obli·
1386 3147 1387 3158 ³

303 3183 391 3228 gent
419 3187 594 3228 tempore
622 3179 782 3227 gratiae,
812 3187 941 3216 tamen
968 3186 1128 3227 possunt
1164 3178 1360 3215 observari

304 3232 449 3282 absque
468 3239 638 3280 peccat0,
660 3239 696 3269 et
714 3232 764 3270 ad
783 3244 916 3270 eorum
941 3230 1222 3269 observantiam
1247 3230 1359 3280 aliqui

304 3286 517 3334 obligantur
545 3285 575 3321 si
600 3292 783 3322 statuatur
806 3290 819 3306 ⁹
853 3284 1073 3322 auctoritate
1102 3292 1236 3321 eorum
1265 3296 1360 3332 quo-

356 3407 383 3439 η)
402 3406 511 3432 rationi.
525 3419 543 3426 —-
561 3406 667 3431 ratione
685 3405 779 3438 PpIsF.

356 3440 381 3474 θ)
402 3442 478 3472 Quis.
491 3455 511 3461 -
527 3442 582 3466 Aut
599 3441 658 3473 quis
676 3441 724 3466 Pa.

357 3477 376 3510 ι)
391 3477 495 3511 saturi.
508 3490 528 3495 —
539 3476 614 3510 furti
631 3476 673 3506 Al.
684 3475 760 3509 furti
778 3475 818 3500 vel
829 3475 922 3509 futuri
939 3475 1078 3507 BELpCK.

357 3512 382 3545 κ)
395 3512 527 3546 figuram.
540 3525 560 3531 -
570 3512 667 3546 figura
685 3510 823 3543 DEGHpK
842 3515 867 3534 et
885 3517 911 3535 a.

355 3545 384 3579 λ)
400 3547 585 3579 persolvendis
603 3547 654 3572 hic.
666 3560 686 3566 -
699 3545 883 3578 persolvendis
901 3545 943 3575 DI,
962 3545 1094 3570 solvendis
1112 3545 1159 3571 Pa.

357 3583 386 3615 μ.)
405 3589 554 3608 numerum.
564 3595 584 3602 -
597 3582 702 3607 numeri
714 3581 786 3607 ΗΒΚ.
797 3594 818 3601 -
830 3581 880 3606 Pro
894 3580 1056 3606 reiterantur
1067 3580 1100 3606 ab
1114 3587 1175 3610 uno,
1188 3583 1359 3606 revertantur

2399 261 2472 296 227

1416 340 1500 364 rum
1529 335 1584 364 est
1613 328 1779 365 condere
1807 328 1941 376 legem.
1973 326 2078 364 Sicut
2104 333 2352 375 praeceptum
2380 326 2475 363 iudi-

1416 381 1509 417 ciale
1541 381 1681 418 veteris
1718 380 1810 428 legis
1843 388 1900 417 est
1935 379 2040 429 quod
2077 380 2142 428 qui
2164 380 2325 427 furatus
2356 379 2476 426 fuerit

1415 445 1535 479 ovem,
1557 434 1688 470 reddat
1706 439 1869 482 quatuor
1887 444 1985 478 oves,
2006 440 2048 469 ut
2064 432 2198 480 legitur
2215 432 2338 469 Exod.
2350 443 2422 468 xx11
2438 431 2474 468 *z

1416 486 1532 534 quod,
1562 486 1592 522 si
1621 486 1669 522 ab
1698 486 1825 534 aliquo
1855 498 1942 533 rege
1972 493 2165 533 statuatur,
2194 492 2369 522 tenentur
2396 485 2475 521 eius

1416 538 1555 575 subditi
1575 539 1793 575 observare.
1816 540 1869 575 Ita
1889 539 2003 575 etiam
2024 538 2287 575 determinatio
2303 537 2475 574 decimae

1415 590 1529 639 partis
1565 591 1773 628 solvendae
1811 599 1866 628 est
1893 591 2113 628 auctoritate
2151 590 2343 627 Ecclesiae
2379 598 2475 627 tem-

1416 655 1510 692 pore
1529 655 1655 680 novae
1675 644 1765 691 legis
1783 644 1946 681 instituta
1966 644 2176 681 secundum
2195 644 2387 692 quandam
2406 644 2475 679 hu—

1417 695 1658 732 manitatem:
1687 704 1728 732 ut
1756 696 1896 733 scilicet
1919 709 1997 734 non
2020 697 2146 734 minus
2164 697 2331 745 populus
2350 708 2476 733 novae

1416 747 1507 795 legis
1544 748 1721 785 ministris
1750 749 1842 787 novi
1870 749 2108 786 Testamenti
2137 749 2329 786 exhiberet
2357 761 2474 797 quarn

1416 801 1582 849 populus
1616 801 1753 838 veteris
1786 802 1876 849 legis
1918 802 2095 839 ministris
2133 802 2271 839 veteris
2300 799 2311 826 ²
2343 803 2476 839 Testa-

1417 852 1535 889 menti
1556 853 1776 898 exhibebat3
1802 867 1890 890 cum
1910 862 2037 891 tamen
2056 855 2221 903 populus
2240 867 2365 891 novae
2384 854 2476 903 legis

1417 905 1466 942 ad
1486 905 1632 942 maiora
1661 906 1857 953 obligetur,
1878 907 2090 944 secundum
2119 907 2211 944 illud
2239 908 2372 944 Matth.
2393 907 2474 944 v*:

1416 958 1507 996 Nisi
1522 958 1772 995 abundaverit
1793 959 1928 996 iustitia
1948 966 2070 996 vestra
2088 960 2175 1008 plus
2193 971 2307 1008 quam
2328 961 2476 997 Scriba-

1418 1023 1502 1047 rum
1531 1016 1567 1047 et
1592 1011 1903 1057 Pharisaeorum,
1933 1024 2008 1049 non
2037 1013 2220 1049 intrabitis
2247 1013 2283 1049 in
2313 1025 2475 1062 regnum

1418 1063 1630 1108 caelorum,·
1659 1071 1694 1100 et
1714 1076 1802 1101 cum
1827 1064 1987 1101 ministri
2010 1065 2101 1102 novi
2122 1066 2356 1102 Testamenti
2376 1066 2448 1102 sint
2462 1071 2476 1087 ⁰

1417 1116 1572 1153 maioris
1602 1116 1788 1164 dignitatis
1827 1129 1943 1166 quam
1981 1117 2141 1154 ministri
2168 1118 2306 1154 veteris
2344 1119 2477 1155 Testa-

1418 1169 1548 1216 menti,
1577 1178 1619 1206 ut
1645 1170 1783 1218 probat
1810 1171 2031 1218 Apostolus,
2062 1171 2094 1206 ΙΙ
2123 1171 2175 1206 ad
2196 1171 2282 1207 Cor.
2304 1183 2339 1207 111
2358 1170 2390 1208 ²¹⁸.

1473 1222 1535 1259 Sic
1555 1234 1644 1270 ergo
1671 1230 1773 1271 patet
1793 1223 1898 1272 quod
1921 1224 1970 1260 ad
1990 1223 2218 1260 solutionem
2243 1223 2477 1260 decimarum

1418 1275 1594 1312 homines
1614 1283 1801 1324 tenentur,
1816 1276 1954 1324 partim
1971 1276 2128 1324 quidem
2144 1288 2189 1312 ex
2203 1276 2283 1312 iure
2304 1276 2476 1324 naturali,

1418 1328 1553 1377 partim
1583 1329 1696 1365 etiarn
1726 1341 1771 1365 ex
1799 1329 2029 1366 institutione
2059 1329 2268 1366 Ecclesiae:
2298 1341 2396 1378 quae
2424 1337 2477 1366 ta-

1390 1394 1391 1429 ζ
1419 1393 1521 1428 men,
1542 1382 1707 1429 pensatis
1732 1382 2075 1430 opportunitatibus
2101 1390 2320 1431 temporum
2342 1390 2377 1419 et
2395 1394 2479 1431 per-

271 1432 404 1482 “quae
429 1440 509 1470 tota
528 1440 608 1470 erat
627 1434 763 1471 divinis
787 1433 1002 1471 ministeriis
1031 1434 1257 1482 mancipata,
1278 1447 1363 1483 pos·
1390 1455 1391 1467 2

305 1485 494 1523 sessiones
522 1498 601 1524 non
627 1487 808 1524 habebat:
838 1488 941 1524 unde
970 1486 1241 1523 convenienter
1264 1486 1365 1524 insti-
1390 1486 1392 1508 ³

303 1545 428 1576 tutum
460 1546 517 1576 est
542 1547 584 1576 ut
612 1539 778 1588 reliquae
811 1539 990 1576 undecim
1023 1539 1142 1576 tribus
1176 1539 1364 1576 decimam
1391 1567 1392 1572 ,

303 1599 452 1642 partem
481 1604 639 1629 suorum
665 1599 925 1641 proventuum
954 1592 1097 1629 Levitis
1119 1592 1252 1629 darent
1264 1592 1295 1638 ²²³,
1325 1600 1366 1629 ut
1391 1586 1392 1605 ³

296 1644 565 1682 honorabilius
591 1645 783 1692 viverent,
813 1652 858 1684 et,
876 1645 966 1693 quia
999 1645 1113 1682 etiam
1150 1645 1264 1694 aliqui
1296 1657 1366 1694 per
1391 1657 1392 1660 ¹

297 1694 569 1746 negligentiam
597 1706 703 1735 erant
738 1706 1033 1746 transgressores
1061 1697 1174 1735 futuri
1195 1703 1214 1735 ι.
1253 1698 1365 1735 Unde
1391 1716 1393 1718 ·

1419 1446 1617 1482 sonarum,
1645 1443 1775 1482 posset
1802 1435 1916 1472 aliam
1947 1443 2094 1483 partem
2124 1434 2377 1472 determinare
2405 1435 2478 1471 sol-

1418 1486 1600 1523 vendam.

1472 1540 1522 1576 Et
1547 1551 1616 1587 per
1643 1540 1718 1575 hoc
1744 1547 1847 1588 patet
1875 1540 2073 1588 responsio
2103 1541 2151 1577 ad
2179 1540 2360 1589 primum.

1472 1593 1532 1628 An
1568 1603 1758 1629 SECUNDUM
1794 1604 1976 1629 mCENDUM
2013 1593 2119 1640 quod
2153 1600 2400 1641 praeceptum
2430 1592 2477 1629 de

1419 1644 1606 1681 solutione
1636 1645 1885 1692 decimarum,
1916 1653 2101 1693 quantum
2131 1646 2180 1682 ad
2208 1646 2244 1682 id
2274 1646 2380 1694 quod
2400 1652 2478 1681 erat

1420 1697 1582 1744 morale,
1613 1697 1745 1734 datum
1775 1705 1830 1734 est
1858 1698 1896 1734 in
1925 1698 2135 1745 Evangelio
2165 1710 2187 1734 a
2215 1698 2384 1735 Domino
2413 1697 2478 1734 ubi

1421 1750 1520 1798 dicit,
1550 1750 1685 1787 Matth.
1706 1763 1730 1786 x
1748 1750 1788 1787 *ε
1824 1751 1975 1800 Dignus
2003 1756 2057 1787 est
2082 1751 2277 1799 operarius
2310 1751 2479 1787 mercede
2506 1754 2592 1776 ‘Vm
2607 1761 2643 1781 ¹0³
2659 1755 2716 1776 Luc·

1392 1810 1393 1818 ¹
1418 1815 1506 1848 sua,·
1535 1810 1571 1839 et
1591 1803 1703 1841 etiam
1725 1803 1772 1840 ab
1792 1804 1992 1852 Apost010,
2013 1811 2054 1840 ut
2073 1811 2175 1852 patet
2196 1805 2208 1839 I
2225 1804 2276 1840 ad
2294 1805 2380 1840 Cor.
2397 1815 2431 1839 1x
2446 1803 2476 1839 ²¹⁸.

1420 1856 1498 1893 Sed
1525 1855 1790 1893 determinatio
1820 1864 1942 1893 certae
1970 1856 2086 1905 partis
2116 1863 2171 1893 est
2199 1865 2391 1893 reservata
2420 1869 2479 1892 or-

1420 1909 1603 1946 dinationi
1630 1909 1836 1946 Ecclesiae.

1471 1964 1530 1999 AD
1549 1973 1710 1999 TERTmM
1729 1974 1914 1999 mcENDuM
1934 1962 2039 2010 quod
2059 1969 2146 1998 ante
2171 1970 2322 2011 tempus
2341 1962 2479 1999 veteris

1419 2014 1510 2062 legis
1530 2027 1610 2051 non
1636 2023 1743 2052 erant
1763 2014 2000 2052 determinati
2020 2014 2179 2052 ministri
2200 2014 2315 2051 divini
2342 2017 2478 2052 cultus:

1420 2121 1611 2169 duplicem
1639 2121 1857 2169 portionem
1886 2121 2134 2169 accipiebant.
2173 2122 2222 2158 Et
2249 2121 2336 2158 ideo
2366 2121 2478 2157 etiam

1418 2186 1497 2210 non
1524 2181 1604 2210 erat
1629 2174 1879 2211 determinata
1907 2174 2034 2222 aliqua
2057 2186 2145 2222 pars
2174 2173 2386 2210 exhibenda
2410 2174 2478 2210 mi-

1418 2226 1542 2263 nistris
1572 2226 1689 2264 divini
1723 2227 1858 2274 cultus,
1889 2227 1955 2264 sed
1985 2226 2051 2263 ubi
2080 2226 2213 2275 aliquis
2241 2227 2477 2273 occurrebat,

1418 2280 1659 2328 unusquique
1694 2280 1808 2317 dabat
1843 2279 1876 2316 ei
1913 2279 2069 2328 propria
2105 2287 2241 2328 sponte
2270 2281 2376 2329 quod
2410 2279 2479 2316 sibi

1417 2333 1630 2374 videbatur.
1675 2333 1780 2370 Sicut
1815 2333 2013 2369 Abraham
2048 2333 2218 2381 quodam
2254 2332 2477 2381 prophetico

1390 2394 1391 2439 j
1417 2385 1593 2423 instinctu
1631 2386 1735 2423 dedit
1772 2385 1940 2422 decimas
1969 2385 2263 2431 Melchisedech,
2293 2385 2478 2422 sacerdoti

1417 2439 1489 2475 Dei
1526 2438 1686 2486 summi,
1720 2446 1762 2475 ut
1790 2438 1924 2476 dicitur
1956 2439 2048 2475 Gen.
2078 2450 2139 2475 xtv
2157 2438 2188 2474 *.
2228 2439 2277 2475 Et
2312 2438 2479 2475 similiter
2506 2444 2650 2466 ”vers-20·

1418 2492 1531 2528 etiam
1552 2492 1666 2529 Iacob
1688 2492 1855 2528 decimas
1874 2491 1984 2528 vovit
2012 2503 2052 2528 se
2078 2492 2277 2528 daturum:
2302 2491 2478 2539 quamvis

1417 2557 1495 2582 non
1514 2544 1689 2582 videatur
1709 2545 1877 2582 decimas
1896 2544 2051 2581 vovisse
2071 2544 2178 2592 quasi
2201 2544 2388 2592 aliquibus
2409 2544 2478 2580 rni-

1417 2597 1542 2634 nistris
1573 2598 1818 2643 exhibendas,
1850 2597 1918 2634 sed
1939 2597 1976 2633 in
1998 2597 2170 2634 divinum
2201 2598 2356 2643 cultum,
2386 2604 2477 2645 puta

1417 2651 1465 2687 ad
1485 2650 1759 2687 sacrificiorum
1781 2650 2172 2695 consummationem;
2202 2651 2304 2686 unde
2330 2650 2477 2697 signan-

1416 2710 1473 2740 ter
1501 2703 1608 2740 dicit:
1637 2704 1814 2739 Decimas
1842 2702 2002 2752 offeram
2031 2703 2107 2739 tihi.

1469 2756 1527 2793 An
1548 2767 1722 2798 QUARTUM
1745 2767 1930 2792 mcENDUM
1950 2755 2054 2803 quod
2080 2754 2270 2791 secundae
2290 2754 2475 2801 decimae,

1415 2820 1515 2856 quae
1535 2809 1828 2845 reservabantur
1846 2808 1896 2844 ad
1915 2807 2098 2844 sacrificia
2119 2806 2326 2853 offerenda,
2347 2807 2475 2843 locum

1415 2860 1454 2897 in
1482 2873 1585 2897 nova
1617 2861 1699 2907 lege
1728 2873 1807 2897 non
1834 2861 1996 2906 habent,
2027 2859 2259 2896 cessantibus
2293 2859 2475 2906 legalibus

1417 2965 1519 3002 ribus
1539 2966 1742 3002 comedere
1765 2965 1968 3012 debebant,
1987 2965 2026 3001 in
2046 2977 2149 3002 nova
2168 2965 2249 3013 lege
2269 2973 2473 3012 augentur,

1414 3031 1483 3067 per
1501 3019 1576 3055 hoc
1596 3019 1703 3066 quod
1722 3018 1912 3055 Dominus
1938 3030 2016 3055 non
2037 3018 2161 3054 solum
2183 3018 2370 3054 decimam
2389 3030 2474 3066 par-

1415 3079 1514 3118 tem,
1543 3071 1610 3108 sed
1639 3071 1770 3108 omnia
1797 3070 1992 3119 superflua
2020 3070 2253 3119 pauperibus
2280 3070 2383 3107 iubet
2412 3083 2474 3107 ex-

1414 3124 1557 3161 hiberi:
1587 3124 1798 3161 secundum
1817 3124 1909 3161 illud
1929 3125 2021 3161 Luc.
2038 3135 2074 3160 xt
2092 3123 2131 3160 *t
2166 3124 2275 3165 Quod
2296 3129 2472 3171 superest,
2502 3132 2512 3142 ⁴·
2549 3138 2561 3152 e

1414 3178 1499 3214 date
1517 3177 1807 3226 eleemosynam.
1839 3178 1947 3225 Ipsae
1968 3177 2079 3213 etiam
2099 3176 2271 3213 decimae
2287 3188 2383 3224 quae
2404 3176 2472 3212 rni-

1414 3230 1538 3267 nistris
1567 3230 1760 3267 Ecclesiae
1787 3230 1936 3277 dantur,
1965 3242 2033 3278 per
2053 3242 2119 3266 eos
2148 3229 2287 3266 debent
2314 3228 2352 3265 in
2380 3241 2472 3266 usus

1413 3295 1627 3332 pauperum
1658 3282 1878 3331 dispensari.

1414 3405 1447 3430 ab
1467 3412 1519 3430 uno
1537 3404 1702 3436 AEFpBCK,
1723 3406 1895 3429 revertuntur
1912 3403 1945 3428 ab
1965 3410 2017 3427 uno
2036 3402 2140 3427 GLsBC
2159 3407 2183 3426 et
2201 3409 2226 3432 a,
2246 3405 2417 3427 revertuntur
2436 3403 2473 3427 ad

1414 3447 1495 3465 unum
1515 3440 1546 3469 Η,
1567 3440 1729 3464 resistuntur
1746 3439 1780 3463 ab
1799 3445 1852 3463 uno
1870 3446 1901 3468 115
1921 3438 1962 3462 vel
1979 3438 2016 3462 ad
2034 3445 2114 3462 unum
2134 3445 2225 3470 margo
2243 3438 2275 3462 D.

1466 3475 1490 3507 ν)
1509 3477 1655 3500 statuatur.
1666 3488 1685 3493 -
1702 3477 1859 3499 statuantur
1877 3473 1977 3498 PDF'H.

1468 3508 1491 3542 ξ)
1510 3510 1576 3543 legis
1602 3509 1732 3534 ministris
1751 3509 1855 3534 veteris.
1868 3522 1886 3526 —
1905 3508 1966 3534 Om.
1980 3509 2015 3538 P;
2040 3508 2128 3533 novi...
2152 3507 2282 3533 ministris
2300 3515 2354 3533 om.
2373 3515 2403 3539 ις
2423 3514 2471 3532 ex-

1413 3545 1540 3570 hiberet...
1560 3545 1711 3570 testamenti
1729 3552 1782 3568 om.
1801 3544 1845 3568 HI.
2154 3544 2160 3551 ¹

1414 3592 1418 3597 »
1467 3580 1492 3613 ο)
1512 3587 1599 3606 cum...
1618 3580 1711 3605 sint.—
1729 3583 1846 3605 tamen...
1865 3581 1927 3603 sunt
1945 3579 2013 3603 BsK.

2503 434 2513 444 ⁸
2527 433 2593 456 Vera.
2611 440 2626 455 1.

2503 909 2514 919 ⁸
2528 909 2594 932 Vere.
2610 915 2647 931 20.

2505 1168 2515 1178 ⁸
2529 1167 2596 1189 Ver..
2610 1173 2623 1194 7
2638 1174 2689 1195 sqq.

2506 1786 2557 1828 ξοδ.
2571 1787 2594 1808 x,
2610 1787 2668 1803 vers.
2679 1787 2700 1808 7.

2553 1813 2597 1829 ers.
2613 1815 2628 1834 4
2642 1814 2693 1836 sqq.
