2860 4244
959 229 1224 275 QUAESTIO
1255 230 1464 277 Lxxxvl,
1493 231 1790 268 ARTlcULus
1821 233 1833 268 1

2406 245 2476 270 221

368 308 426 343 An
442 318 601 344 TERTmM
622 319 804 344 mCENDUM
826 308 930 355 quod
951 307 1001 344 illi
1021 308 1084 355 qui
1107 308 1251 345 debitas
1270 310 1373 346 obla·
1400 308 1402 349 l
1429 310 1488 346 cui
1525 318 1610 346 sunt
1638 310 1850 347 oblationes
1886 310 2099 358 faciendae,
2129 324 2176 348 ne
2203 311 2377 349 videatur
2410 325 2480 360 pro

315 358 436 396 tiones
457 372 534 396 non
556 360 717 402 reddunt
739 367 901 408 possunt
918 359 1042 409 puniri
1066 372 1134 408 per
1154 362 1373 398 subtractio-

314 423 404 448 nem
434 421 773 459 sacramentorum,
795 425 872 450 non
897 425 967 461 per
987 412 1112 462 ipsum
1137 414 1374 451 sacerdotem

1429 370 1753 400 sacramentorum
1783 363 2012 400 exhibitione
2032 363 2044 389 ζ
2073 364 2212 412 aliquid
2234 364 2393 413 exigere,
2414 366 2481 402 sed

1427 427 1496 463 per
1524 415 1758 463 superiorem
1786 416 1950 464 aliquem
1973 417 2003 453 *.

363 542 388 575 ζ)
403 550 457 575 pro
476 547 707 568 sacramentorum
726 543 898 568 exhibitione.
911 556 930 563 —
944 550 995 574 per
1013 547 1241 568 sacramentorum
1268 545 1458 570 exhibitionem
1478 545 1636 575 PACDGxa,
1653 553 1704 577 per
1721 550 1950 571 sacramentorum
1969 547 2133 572 exhibitione
2151 547 2179 572 F.

981 639 1314 673 Commentaria
1335 641 1588 674 cardinalis
1610 642 1811 675 Caietam

313 743 359 807 IN
381 733 514 765 articulo
543 734 648 774 primo
677 735 871 775 quaestionis
901 735 1231 775 octogesimaesextae,
1256 736 1288 766 in
1318 746 1366 766 re-

340 777 514 817 sponsione
530 778 570 808 ad
585 778 735 818 primum.
751 779 853 819 gravis
870 780 1006 811 occurrit
1021 780 1175 820 quaestio,
1192 790 1259 821 quo
1275 786 1368 820 pacto

273 855 278 865 ζ
307 821 445 852 salvatur
473 821 646 852 differentia
675 822 755 853 inter
778 823 1017 854 caeremonialia
1047 831 1078 854 et
1099 824 1257 855 iudicialia
1279 833 1368 864 prae-

69 954 132 977 'Cfi
148 960 232 983 arg.»

69 997 278 1028 ¹Qu.uv‚art.3.

32 2878 34 2882 ’
53 2892 73 2903 ’·
81 2892 134 2916 ub.
145 2891 208 2920 m,
219 2898 273 2921 up.

29 2933 34 2947 ,7
58 2924 108 2943 am.

28 3128 128 3155 =·0t.
152 3129 188 3152 ad
214 3129 272 3153 Hah.

61 3160 160 3184 usp-rv-
218 3181 221 3182 γ

307 871 396 906 cepta
410 865 488 906 legis
503 866 625 901 veteris,
650 867 676 897 si
698 867 782 898 licite
805 874 910 908 potest
933 875 963 898 et
987 868 1079 899 debet
1094 868 1194 899 modo
1210 867 1368 898 observari

306 909 368 940 hoc
383 910 610 940 caeremoniale
627 911 823 947 mandatum,
836 911 940 942 Exod.
954 921 1041 942 xxm:
1061 911 1135 942 Non
1152 911 1322 952 apparebis
1333 913 1365 941 in

306 958 474 993 conspectu
498 964 567 985 meo
590 964 712 986 vacuus
726 955 752 986 *.
782 955 964 986 Differentia
987 955 1146 996 siquidem
1165 955 1320 994 assignata
1335 955 1368 985 in

305 997 505 1037 praecedenti
527 998 624 1029 Libro
639 999 666 1035 *,
691 1009 772 1040 quae
795 999 890 1030 etiarn
912 999 946 1029 in
968 1009 1023 1039 qu.
1040 1009 1117 1039 seq„
1142 1005 1198 1029 art.
1221 1009 1252 1035 1,
1276 998 1368 1038 repli-

306 1047 402 1078 eatur,
423 1048 470 1072 est
491 1042 581 1083 quod
603 1042 760 1073 iudicialia
783 1049 919 1083 possunt
932 1052 1018 1073 nunc
1037 1042 1150 1072 servari
1173 1042 1199 1072 si
1221 1042 1368 1082 princeps

305 1094 342 1116 ea
365 1091 490 1122 statuat,
510 1086 749 1117 caeremonialia
764 1093 871 1117 autem
889 1096 966 1117 non.
990 1087 1038 1117 Ex
1052 1096 1118 1127 quo
1138 1085 1298 1117 dubitatur
1313 1087 1367 1118 sic.

307 1127 393 1160 Cum
416 1139 589 1161 commune
612 1130 652 1161 sit
674 1130 815 1171 unisque
837 1130 1012 1170 praeceptis
1035 1130 1124 1170 quod
1148 1139 1213 1160 non
1237 1130 1310 1161 licet
1332 1140 1368 1161 ea

306 1173 471 1204 observare
486 1180 639 1215 tanquam
661 1173 742 1210 viva,
759 1173 821 1204 hoc
837 1180 883 1204 est
898 1180 1052 1215 tanquam
1071 1173 1242 1214 obligantia
1261 1184 1298 1205 ex
1313 1185 1367 1205 au-

305 1216 448 1248 ctoritate
469 1218 582 1248 veteris
596 1217 683 1257 legis,
699 1217 774 1258 quia
789 1217 851 1248 hoc
866 1224 947 1248 esset
963 1228 1112 1249 evacuare
1127 1217 1224 1248 fidem
1240 1218 1367 1256 Christi,

305 1260 361 1301 qui
383 1260 460 1301 legis
475 1261 704 1298 auctoritatem,
729 1262 769 1292 ad
792 1261 995 1302 praefinitum
1017 1269 1144 1303 tempus
1168 1263 1284 1299 datam,
1308 1269 1367 1294 ter-

303 1303 452 1342 minavit;
485 1304 658 1336 differentia
684 1306 744 1336 ista
769 1306 912 1337 consistit
934 1306 967 1336 in
989 1306 1052 1337 hoc
1080 1307 1169 1347 quod
1192 1306 1366 1344 iudicialia,

302 1348 412 1390 quoad
432 1348 536 1390 ipsam
558 1350 768 1381 substantiam
791 1360 936 1390 operum,
960 1350 1033 1382 licet
1056 1351 1220 1381 observare
1239 1351 1265 1381 si
1284 1361 1367 1382 nova

303 1394 704 1434 statumen-auctoritate:
736 1394 976 1425 caeremonialia
999 1405 1074 1426 vero
1098 1405 1164 1425 non
1187 1395 1260 1426 licet
1282 1405 1364 1426 nova

298 1428 487 1475 ΐῑῖἔῶτίτεϊε
503 1444 648 1469 statuere.
665 1437 829 1479 Alioquin,
842 1439 985 1469 membra
1001 1438 1164 1469 divisionis
1179 1449 1245 1469 non
1257 1446 1366 1470 contra

303 1489 338 1511 se
358 1479 496 1512 invicem
518 1488 721 1523 ponerentur.
745 1482 786 1513 Et
802 1483 827 1513 si
844 1482 888 1513 sic
903 1482 1097 1522 intelligitur,
1117 1483 1260 1523 sequitur
1278 1484 1366 1524 quod

302 1530 508 1566 praeceptum
530 1527 570 1557 de
592 1526 808 1557 oblationibus
831 1525 898 1557 non
920 1526 1041 1557 licitum
1066 1533 1112 1557 est
1138 1536 1289 1557 renovare
1313 1532 1368 1558 aut

302 1577 435 1601 servare.
452 1587 472 1593 -
495 1569 598 1602 Cuius
614 1570 807 1602 contrarium
823 1571 856 1601 in
871 1571 974 1601 littera
996 1570 1047 1601 hic
1063 1570 1186 1607 dicitur,
1205 1577 1236 1601 et
1250 1572 1290 1601 ab
1303 1568 1366 1603 Ec-

302 1612 395 1644 clesia
418 1614 611 1646 observatur.

357 1657 409 1687 Ad
431 1657 493 1688 hoc
516 1657 631 1690 dicitur
659 1659 748 1699 quod
772 1657 945 1693 differentia
966 1658 1048 1689 inter
1071 1659 1313 1690 caeremonialia
1336 1666 1367 1690 et

300 1698 459 1732 iudicialia
481 1712 548 1732 non
572 1709 619 1733 est
640 1702 843 1742 intelligenda
866 1703 974 1744 quoad
997 1703 1205 1734 substantiam
1229 1713 1366 1744 operum

299 1740 455 1782 absolute,
479 1746 534 1777 sed
557 1746 734 1777 secundum
757 1747 890 1777 eandem
914 1747 1069 1778 rationem
1093 1746 1278 1778 formalem:
1303 1747 1365 1779 hoc

300 1793 348 1819 est
367 1789 458 1830 quod
479 1790 610 1826 licitum
617 1797 664 1822 est
685 1790 842 1821 iudicialia
857 1791 935 1821 olim
950 1791 983 1822 in
998 1791 1068 1831 lege
1090 1791 1191 1822 facere
1206 1791 1365 1822 iudicialia

299 1831 334 1863 in
361 1832 485 1865 civitate
507 1835 558 1865 vel
584 1830 698 1875 regum
731 1835 787 1865 sed
810 1845 877 1866 non
901 1842 947 1866 est
975 1835 1098 1866 licitum
1126 1836 1365 1866 caeremonialia

299 1874 379 1907 olim
401 1877 436 1908 in
456 1878 526 1918 lege
549 1878 649 1910 facere
664 1879 903 1910 caeremonialia
918 1880 951 1910 in
966 1879 1103 1910 Ecclesia
1119 1879 1188 1911 Dei.
1213 1880 1263 1911 Sic
1278 1880 1364 1911 enim

298 1919 457 1953 intellecta
480 1922 653 1954 differentia
673 1923 734 1954 ista
760 1933 797 1954 ex
820 1924 971 1964 opposito
991 1924 1134 1954 membra
1157 1924 1278 1964 optime
1302 1924 1365 1955 dis-

299 1964 397 1996 tincta
415 1965 589 1999 formaliter
604 1967 712 1998 salvat.
737 1967 854 2004 Quoad
875 1967 1083 1999 substantiam
1103 1977 1244 2009 namque
1260 1968 1364 2009 operis

299 2007 423 2040 licitum
446 2017 492 2041 est
513 2011 547 2042 id
570 2011 659 2053 quod
683 2018 748 2042 erat
771 2012 999 2042 caeremoniale
1022 2012 1138 2043 facere:
1171 2020 1207 2043 ut
1229 2019 1315 2054 patet
1338 2013 1363 2043 si

299 2053 372 2094 quis
394 2063 427 2085 se
450 2064 546 2086 causa
568 2055 708 2086 sanitatis
732 2055 978 2087 circumcideret.

355 2097 394 2130 11.
417 2098 459 2130 Et
478 2099 553 2131 licet
574 2109 686 2131 sensus
708 2100 766 2131 iste
790 2100 830 2131 sit
851 2110 945 2131 verus
968 2106 1000 2131 et
1021 2100 1171 2137 intentus,
1196 2110 1233 2131 ex
1256 2110 1295 2131 eo
1319 2108 1364 2132 ta-

299 2150 375 2173 men
397 2152 464 2174 non
486 2144 619 2175 habetur
641 2144 761 2175 solutio
785 2151 892 2176 motae
915 2143 1106 2176 difficultatis
1133 2145 1172 2175 de
1195 2145 1363 2176 oblationi-

298 2185 369 2218 bus.
398 2187 563 2224 Quoniam
585 2188 762 2220 oblationes
777 2189 858 2220 inter
881 2189 1095 2220 caeremonias
1118 2195 1215 2225 erant,
1231 2196 1268 2233 ut
1289 2189 1364 2220 hinc

299 2236 331 2260 et
357 2240 394 2260 ex
412 2232 610 2272 praecedenti
633 2233 742 2270 Libro,
758 2243 812 2274 qu.
831 2243 874 2269 cr,
898 2239 954 2263 art.
972 2243 1010 2272 4,
1035 2233 1075 2263 ad
1099 2233 1167 2270 ult.,
1191 2233 1307 2270 habes,
1333 2240 1364 2264 et

299 2283 385 2304 nunc
407 2275 487 2306 inter
508 2276 751 2307 caeremonialia
775 2277 988 2307 continentur:
1013 2276 1168 2317 quoniam
1191 2277 1261 2308 Deo
1286 2277 1363 2308 offe-

298 2325 414 2349 runtur
435 2319 468 2350 in
491 2321 754 2361 protestationem
777 2321 981 2352 subiectionis
1004 2327 1138 2358 nostrae,
1164 2328 1194 2351 et
1216 2321 1284 2362 ipsa
1307 2322 1363 2352 ob-

298 2361 375 2394 latio
400 2364 504 2395 cultus
527 2371 575 2396 est
595 2365 655 2396 Dei
678 2365 821 2396 exterior.
854 2365 886 2395 Si
910 2375 985 2405 ergo
1009 2375 1074 2396 non
1097 2365 1170 2396 licet
1192 2365 1271 2395 olim
1295 2376 1363 2396 cae-

297 2407 484 2439 remonialia
500 2418 585 2439 nunc
601 2415 637 2440 ut
653 2409 892 2440 caeremonialia
907 2419 1057 2445 exercere,
1074 2410 1242 2450 quomodo
1261 2409 1363 2441 licitae

299 2457 374 2482 sunt
396 2452 598 2483 oblationum
622 2453 838 2484 caeremoniae
861 2453 1035 2484 videndum
1059 2460 1162 2484 restat.

354 2494 387 2526 Si
410 2496 482 2538 quis
506 2503 612 2527 autem
637 2497 800 2538 diligenter
822 2497 968 2537 inspiciat
991 2497 1146 2527 rationem
1173 2507 1270 2538 quare
1294 2508 1363 2528 cae-

297 2540 484 2571 remonialia
506 2548 581 2572 sunt
604 2541 775 2579 mortifera,
801 2548 831 2572 et
853 2541 1011 2572 Ecclesiae
1028 2541 1302 2578 consuetudinem,
1319 2543 1364 2572 vi-

299 2583 385 2614 debit
413 2584 503 2626 quod
525 2595 591 2616 non
616 2592 662 2616 est
689 2596 753 2616 una
781 2585 928 2616 omnium
957 2585 1237 2616 caeremonialium
1264 2586 1361 2623 ratio,

298 2634 330 2658 et
352 2627 523 2668 distinguet
544 2630 626 2660 inter
641 2640 686 2667 ea,
712 2636 807 2671 atque
821 2630 960 2661 inveniet
983 2630 1140 2670 quaedam
1163 2639 1257 2670 posse
1275 2630 1364 2661 insti-

297 2671 345 2703 tui
368 2673 610 2704 caeremonialia
632 2683 714 2715 quae
737 2673 832 2705 etiam
856 2674 934 2705 olim
959 2680 1055 2711 erant,
1076 2674 1156 2704 sicut
1179 2674 1217 2705 de
1233 2674 1363 2705 iudicia-

296 2716 380 2746 libus
403 2724 536 2754 constat,
560 2719 717 2758 quaedam
740 2725 847 2749 autem
871 2728 947 2748 non.
972 2717 1263 2749 Caeremonialium
1276 2719 1363 2749 enim

298 2761 456 2801 quaedam
478 2761 641 2792 continent
663 2762 697 2792 in
720 2772 753 2792 se
775 2761 910 2802 figuram
933 2761 1050 2793 Christi
1073 2762 1184 2792 futuri:
1209 2769 1245 2793 ut
1268 2763 1362 2793 sacri-

298 2803 368 2834 ficia
392 2811 423 2835 et
444 2812 648 2836 sacramenta.
672 2806 713 2836 Et
731 2806 809 2836 haec
825 2815 984 2836 assumere
1003 2805 1035 2835 in
1051 2806 1264 2836 caeremonias
1283 2806 1363 2837 nihil

299 2847 385 2878 aliud
409 2855 456 2879 est
478 2859 577 2890 quam
600 2849 740 2889 profiteri
764 2849 926 2880 Christum
951 2849 1054 2880 adhuc
1077 2859 1143 2880 non
1157 2850 1290 2886 venisse,
1307 2851 1361 2880 sed

298 2899 484 2934 venturum:
509 2900 545 2924 ut
564 2893 774 2934 Augustinus,
792 2893 914 2924 Contra
929 2894 1086 2924 Faustum
1102 2893 1130 2932 *,
1147 2900 1178 2924 et
1192 2896 1314 2924 Auctor
1329 2894 1363 2924 in

298 2937 497 2977 praecedenti
526 2937 640 2975 Libro,
669 2947 724 2978 qu.
755 2947 824 2974 ern,
849 2944 905 2968 art.
933 2937 1007 2973 ult.,
1039 2937 1194 2968 dixerunt.
1231 2938 1363 2978 Propter

299 2981 388 3021 quod
406 2981 473 3012 sine
489 2987 619 3022 peccato
635 2981 762 3012 mortali
778 2981 892 3012 servari
908 2981 1008 3012 modo
1024 2988 1197 3022 nequeunt.
1217 2999 1238 3004 -
1258 2982 1363 3019 Quae-

299 3025 374 3055 dam
396 3035 472 3056 vero
496 3025 535 3056 ad
560 3025 700 3056 divinam
722 3025 928 3056 reverentiam
954 3026 1180 3056 tantummodo
1204 3033 1361 3066 spectant,

299 3068 379 3099 nihil
399 3069 596 3110 implicantes
616 3069 655 3100 de
671 3069 798 3101 Christo
813 3075 962 3106 venturo;
988 3075 1043 3100 aut
1064 3076 1147 3101 statu
1171 3070 1284 3110 populi
1299 3070 1362 3101 He-

298 3112 384 3143 braei
407 3113 597 3154 expectantis
612 3113 786 3152 Christum,
809 3114 1084 3155 quemadmodum
1103 3114 1281 3145 observatio
1297 3115 1363 3145 sab-

299 3157 364 3200 bati
388 3157 562 3189 contineret
575 3157 602 3188 *.
634 3158 676 3189 Et
699 3167 812 3189 eorum
835 3158 1067 3189 observantiam
1089 3158 1229 3190 Ecclesia
1258 3165 1364 3199 potest

1421 736 1478 767 sibi
1502 747 1660 768 assumere
1683 738 1715 768 in
1731 740 1952 776 caeremonias,
1971 740 2045 780 quia
2059 747 2158 771 cessat
2172 741 2204 771 in
2224 740 2272 771 his
2286 741 2365 773 ratio
2385 751 2482 782 quare

1421 780 1483 810 sint
1505 781 1676 811 mortifera.
1710 782 1750 813 Et
1772 783 1831 813 sub
1858 784 1919 814 hoc
1941 794 2052 824 genere
2083 784 2262 816 continetur
2285 786 2481 817 caeremonia

1421 824 1631 855 oblationum.

1475 870 1649 899 Attestatur
1671 876 1779 899 autem
1806 870 1880 900 huic
1904 871 2095 902 distinctioni
2122 873 2279 903 Ecclesiae
2301 873 2479 905 auctoritas.

1421 911 1585 949 Quoniam
1609 912 1785 943 oblationes
1808 913 1907 944 thuris
1931 921 1962 944 et
1983 915 2167 946 huiusmodi
2183 916 2427 953 odoriferorum,
2451 923 2482 948 et

1421 956 1616 987 ablutionem
1629 966 1796 993 manuum,
1810 964 1840 988 et
1852 967 1967 997 panem
1983 968 2133 999 azymum
2147 960 2318 1001 assumpsit
2332 961 2364 991 in
2380 971 2481 992 caere-

1421 1000 1581 1036 moniam;
1601 1000 1838 1030 venerationem
1858 1011 1988 1041 quoque
2010 1003 2121 1042 templi
2137 1011 2210 1043 post
2226 1011 2352 1044 partum
2372 1015 2390 1035 a
2410 1015 2480 1036 mu-

1421 1044 1548 1074 lieribus
1572 1043 1638 1074 fieri
1653 1054 1719 1074 non
1735 1044 1903 1084 improbat,
1927 1046 2031 1081 Extra,
2048 1047 2087 1076 de
2103 1047 2267 1087 Purg'ficat.
2284 1054 2359 1088 post
2376 1055 2479 1088 part„

1422 1093 1489 1128 cap.
1514 1088 1626 1119 unico:
1659 1098 1741 1129 quae
1769 1088 1801 1118 in
1828 1089 1924 1119 veteri
1952 1089 2021 1129 lege
2045 1091 2152 1120 omnia
2179 1092 2218 1121 ad
2242 1093 2480 1123 caeremonialia

1421 1132 1587 1172 pertinent.

1475 1178 1648 1208 Attestatur
1664 1176 1758 1206 etiam
1782 1176 1830 1207 his
1853 1177 2022 1208 auctoritas
2037 1177 2226 1208 Sanctorum
2241 1189 2276 1209 ac
2291 1179 2479 1216 Doctorum,

1420 1220 1452 1250 in
1477 1220 1532 1251 has
1556 1221 1634 1251 duas
1658 1221 1794 1251 rationes
1824 1221 2015 1252 resolventes
2038 1228 2203 1261 peccatum
2227 1223 2414 1254 observandi
2437 1223 2480 1254 le-

1420 1264 1515 1304 galia:
1541 1265 1657 1296 scilicet
1676 1265 1727 1295 vel
1749 1271 1900 1305 tanquam
1923 1275 1960 1295 ex
1974 1265 2043 1305 lege
2058 1266 2154 1296 veteri
2170 1266 2322 1303 ordinata,
2339 1267 2382 1297 sic
2397 1267 2481 1297 enim

1420 1309 1529 1339 omnia
1552 1316 1626 1340 sunt
1648 1308 1818 1344 mortifera,
1843 1315 1955 1349 utpote
1978 1310 2182 1349 protestantia
2203 1310 2307 1351 legem
2330 1321 2395 1341 non
2415 1321 2481 1341 esse

1419 1363 1475 1393 per
1498 1353 1660 1384 Christum
1691 1352 1912 1393 adimpletam;
1943 1354 1992 1384 vel
2021 1354 2096 1394 quia
2127 1354 2289 1386 continent
2318 1354 2481 1386 Christum

1420 1396 1574 1433 futurum,
1599 1397 1687 1438 quod
1711 1403 1757 1427 est
1780 1397 1876 1427 etiam
1899 1404 2006 1428 contra
2021 1397 2095 1428 fidei
2110 1408 2217 1428 veram
2235 1398 2478 1439 professionem.

1419 1441 1460 1471 Et
1482 1447 1648 1482 propterea
1663 1440 1716 1471 illa
1732 1451 1813 1481 quae
1829 1440 2013 1481 significant,
2039 1451 2104 1472 non
2123 1442 2228 1473 futura
2247 1453 2303 1482 per
2318 1442 2481 1474 Christum
2500 1480 2504 1483 .

1418 1491 1598 1521 venturum,
1619 1485 1674 1515 sed
1692 1494 1774 1525 quae
1789 1495 1914 1524 semper
1931 1484 1998 1516 fieri
2014 1493 2068 1516 aut
2086 1486 2192 1516 haberi
2211 1487 2335 1523 debent,
2356 1494 2392 1518 ut
2409 1487 2481 1518 thu-

1419 1527 1568 1565 rificatio,
1593 1528 1712 1559 ablutio
1740 1535 1771 1559 et
1794 1539 1919 1569 azyma,
1944 1539 2027 1570 quae
2055 1529 2230 1569 significant
2259 1531 2479 1568 devotionem,

1419 1572 1620 1609 munditiam,
1645 1572 1854 1603 sinceritatem
1877 1582 1912 1603 ac
1927 1573 2104 1609 veritatem;
2129 1581 2184 1604 aut
2207 1574 2382 1615 simplicem
2398 1585 2482 1606 reve-

1419 1616 1561 1653 rentiam,
1578 1623 1614 1648 ut
1637 1615 1814 1657 purificatio
1839 1623 1912 1656 post
1934 1623 2061 1657 partum
2084 1625 2242 1658 quantum
2261 1619 2300 1648 ad
2323 1619 2481 1650 abstinen-

1418 1661 1496 1691 tiam
1517 1661 1677 1700 ingressus
1700 1660 1858 1696 ecclesiae,
1881 1667 1910 1691 et
1933 1660 2125 1698 oblationes;
2149 1662 2232 1693 licite
2255 1662 2321 1692 fieri
2337 1670 2480 1703 possunt,

1419 1714 1484 1735 non
1500 1711 1536 1735 ut
1550 1704 1628 1745 legis
1645 1704 1872 1740 caeremoniae,
1889 1705 1943 1735 sed
1958 1711 1994 1736 ut
2009 1705 2048 1735 ab
2065 1705 2204 1736 Ecclesia
2219 1713 2293 1737 sunt
2309 1713 2338 1737 et
2354 1707 2444 1738 fiunt.
2461 1725 2481 1730 -

1418 1749 1505 1780 Haec
1531 1755 1639 1780 autem
1662 1758 1728 1779 esse
1753 1749 1791 1778 de
1814 1754 1920 1779 mente
1943 1749 2091 1780 Auctoris
2114 1749 2253 1780 invenies
2276 1750 2309 1780 in
2326 1750 2367 1781 111
2380 1751 2480 1789 Sent„

1419 1793 1489 1824 dist.
1505 1803 1616 1830 xxxvn,
1636 1800 1692 1824 ast.
1719 1793 1747 1829 5,
1764 1794 1822 1833 qu‘
1845 1793 1878 1829 3;
1903 1799 1934 1823 et
1956 1793 1989 1823 in
2006 1793 2049 1824 IV
2059 1793 2159 1831 Seni„
2175 1800 2240 1825 tam
2257 1794 2326 1825 dist.
2343 1806 2364 1831 r,
2381 1805 2435 1836 qu.
2448 1806 2480 1832 11,

1418 1844 1473 1869 art.
1494 1839 1522 1873 5,
1539 1839 1597 1878 qu·
1615 1848 1624 1867 1
1645 1837 1672 1873 *,
1690 1846 1788 1877 quam
1811 1836 1881 1867 dist.
1898 1847 1938 1873 xx,
1956 1847 2011 1878 qu.
2029 1847 2062 1874 11,
2079 1844 2135 1868 art.
2162 1848 2190 1874 2,
2208 1840 2266 1879 qu·
2285 1839 2300 1868 3
2318 1838 2372 1876 **;
2397 1846 2427 1871 et
2447 1840 2480 1870 in

1417 1882 1524 1912 Tertia
1539 1882 1638 1918 Parte,
1655 1891 1710 1922 qu.
1725 1891 1848 1917 Lxxxm,
1863 1887 1918 1911 art.
1939 1882 1954 1911 5
1972 1881 1999 1912 *.

1468 1926 1510 1957 Et
1523 1926 1566 1956 sic
1581 1925 1718 1956 salvatur
1733 1925 1815 1955 dicta
1827 1924 1998 1956 differentia
2012 1925 2093 1956 inter
2106 1926 2265 1957 iudicialia
2279 1932 2310 1957 et
2326 1937 2482 1958 caeremo-

1416 1970 1526 2000 nialia:
1543 1970 1632 2010 quod
1647 1969 1804 2000 iudicialia
1820 1969 1928 1999 omnia
1939 1976 2075 2010 possunt
2089 1970 2223 2007 assumi;
2242 1972 2481 2002 caeremonialia

1415 2024 1490 2044 vero
1515 2024 1572 2044 nec
1595 2013 1704 2044 omnia
1719 2012 1846 2053 proprie
1869 2009 1927 2044 ne'c
1950 2013 2143 2054 principalia,
2161 2015 2215 2044 sed
2238 2015 2393 2056 quaedam
2411 2022 2479 2047 tan-

1416 2065 1486 2089 tum
1510 2057 1695 2088 communia
1718 2064 1748 2088 et
1771 2057 1954 2088 secundaria
1977 2058 2095 2088 assumi
2117 2066 2263 2099 possunt.

1471 2102 1523 2133 III.
1548 2102 1583 2132 In
1607 2101 1815 2142 responsione
1843 2101 1883 2131 ad
1912 2101 2040 2132 tertium
2071 2102 2214 2133 eiusdem
2245 2103 2384 2140 articuli,
2408 2103 2480 2134 vide

1416 2147 1505 2187 quod
1528 2156 1595 2176 non
1610 2147 1650 2176 ad
1673 2155 1750 2182 rem,
1767 2146 1822 2176 sed
1838 2146 1878 2175 ad
1900 2146 2115 2186 apparentiam
2130 2147 2256 2187 respicit
2277 2147 2357 2178 ratio
2374 2148 2480 2179 dicens

1416 2200 1513 2231 quare
1543 2190 1688 2221 sacerdos
1718 2200 1784 2220 non
1814 2189 1906 2221 debet
1935 2190 2056 2231 privare
2086 2198 2282 2222 sacramento
2312 2198 2479 2232 negantem

1416 2234 1535 2265 debitas
1559 2234 1745 2271 oblationes,
1770 2244 1809 2264 ne
1828 2234 1944 2265 scilicet
1967 2234 2108 2265 videatur
2131 2245 2190 2276 pro
2207 2242 2402 2266 sacramento
2418 2236 2479 2267 exi-

1416 2288 1498 2318 gere.
1523 2278 1659 2318 Oportet
1683 2278 1768 2309 enim
1791 2285 1916 2308 sanctos
1940 2278 1980 2309 ab
2002 2279 2051 2309 his
2073 2280 2128 2319 qui
2139 2279 2231 2320 foris
2247 2285 2323 2310 sunt
2344 2281 2480 2311 testimo-

1417 2324 1505 2353 nium
1528 2323 1645 2353 habere
1659 2322 1685 2352 *.
1716 2322 1750 2353 Si
1781 2329 1887 2353 tamen
1918 2329 2044 2361 negaret
2074 2323 2238 2363 puniendo
2262 2330 2478 2363 peccatorem,

1416 2377 1481 2397 non
1504 2369 1585 2397 esset
1613 2367 1791 2397 secundum
1813 2366 1976 2397 veritatem
1999 2367 2203 2398 simoniacus.
2235 2368 2411 2408 Usurparet
2433 2375 2478 2399 ta-

1416 2420 1491 2441 men
1514 2410 1573 2441 sibi
1595 2411 1767 2450 superioris
1789 2410 2055 2447 iurisdictionem,
2081 2411 2120 2442 ad
2148 2421 2246 2452 quem
2269 2418 2388 2452 spectat
2417 2412 2479 2452 pri-

1415 2454 1500 2485 vatio
1524 2455 1710 2485 sacramenti
1733 2464 1792 2495 pro
1816 2454 1875 2485 hac
1898 2464 2000 2485 causa.

1473 2499 1534 2529 Sed
1556 2505 1632 2529 tunc
1655 2498 1790 2538 insurgit
1813 2498 1962 2529 dubium:
1988 2499 2075 2536 Quid
2098 2499 2190 2530 faciet
2213 2500 2358 2530 sacerdos
2372 2500 2405 2530 in
2424 2500 2479 2530 tali

1416 2540 1510 2573 casu?
1534 2542 1567 2573 Si
1590 2542 1745 2574 ministrat
1767 2550 2000 2574 sacramentum
2024 2543 2165 2574 existenti
2188 2543 2221 2573 in
2244 2550 2373 2584 peccato
2398 2554 2480 2574 mor-

1415 2587 1479 2623 tali,
1503 2594 1622 2627 peccat.
1646 2586 1679 2618 Si
1699 2597 1765 2617 non
1782 2587 1946 2623 ministrat,
1970 2593 2088 2627 peccat.
2113 2587 2180 2618 Erit
2202 2597 2277 2627 ergo
2301 2588 2477 2628 perplexus.

1470 2631 1520 2661 Ad
1544 2631 1606 2661 hoc
1629 2631 1742 2662 dicitur
1769 2631 1858 2671 quod
1886 2631 2030 2661 sacerdos
2054 2631 2146 2661 debet
2169 2631 2325 2662 caritative
2348 2642 2479 2662 monere

1416 2675 1581 2705 hominem
1604 2685 1671 2705 non
1694 2675 1877 2706 reddentem
1901 2675 2019 2706 debitas
2045 2675 2220 2706 oblationes
2245 2682 2280 2705 ut
2306 2676 2417 2706 saltem
2441 2676 2480 2707 sit

1416 2726 1542 2759 paratus
1565 2719 1730 2749 consulere
1753 2719 1962 2750 conscientiae
1986 2729 2060 2750 suae
2083 2719 2169 2749 iuxta
2191 2719 2267 2749 boni
2283 2719 2340 2749 viri
2358 2720 2479 2750 iustum

1415 2763 1588 2793 arbitrium.
1608 2763 1649 2793 Et
1664 2763 1689 2793 si
1705 2763 1836 2803 quidem
1851 2763 2051 2799 consenserit,
2069 2770 2174 2803 potest
2189 2763 2243 2799 illi,
2260 2763 2324 2793 iam
2338 2763 2371 2793 in
2391 2764 2477 2794 bono

1415 2813 1497 2837 statu
1520 2817 1578 2847 per
1598 2806 1662 2837 hoc
1684 2807 1835 2843 existenti,
1859 2807 2034 2837 ministrare
2050 2813 2253 2837 sacramenta.
2277 2807 2309 2837 Si
2324 2817 2390 2837 non
2405 2817 2479 2838 con-

1415 2851 1560 2887 senserit,
1585 2851 1750 2890 protestari
1774 2860 1882 2881 coram
1904 2850 1972 2881 aliis
1996 2851 2088 2881 debet
2110 2851 2199 2891 quod
2222 2860 2287 2881 non
2311 2857 2478 2891 propterea

1415 2894 1491 2936 quia
1518 2895 1558 2924 ad
1587 2905 1662 2925 eum
1692 2895 1854 2935 pervenire
1883 2895 1998 2926 debent
2026 2894 2222 2931 oblationes,
2246 2895 2301 2925 sed
2328 2894 2402 2935 quia
2425 2895 2477 2925 ille

1416 2948 1481 2968 non
1505 2945 1551 2968 est
1573 2946 1700 2978 paratus
1724 2938 1933 2969 conscientiae
1956 2948 2030 2969 suae
2055 2939 2234 2975 consulere,
2259 2945 2353 2978 negat
2376 2939 2403 2969 ei
2427 2949 2476 2968 sa-

1415 2989 1582 3019 cramenta,
1598 2983 1700 3014 donec
1714 2982 1858 3023 superior
1872 2983 2035 3013 consultus
2058 2983 2231 3023 provideat.
2255 2983 2297 3014 Et
2319 2982 2363 3013 sic
2386 2983 2479 3013 debet

1415 3026 1599 3056 denuntiare
1622 3026 1792 3066 superiori:
1814 3033 1845 3057 et
1866 3026 2006 3064 interim,
2031 3036 2096 3057 non
2119 3033 2272 3068 tanquam
2294 3026 2399 3063 iudex,
2423 3027 2478 3058 sed

1414 3077 1566 3111 tanquam
1591 3070 1732 3101 devitans
1755 3070 1939 3111 participare
1962 3070 1995 3101 in
2018 3077 2147 3112 peccato
2171 3070 2298 3102 mortali
2319 3081 2394 3101 cum
2409 3070 2476 3108 illo,

1415 3124 1528 3154 negare
1551 3122 1745 3146 sacramenta
1766 3115 1821 3146 illi.
1847 3115 1922 3146 Non
1945 3122 2086 3146 remanet
2108 3125 2184 3155 ergo
2206 3115 2390 3155 perplexus:
2420 3124 2478 3145 nec

1415 3165 1541 3199 oportet
1564 3168 1638 3190 eum
1662 3169 1814 3200 usurpare
1837 3159 1897 3190 sibi
1919 3159 2089 3200 superioris
2112 3165 2311 3200 potestatem.

2509 419 2519 428 ¹·
2534 417 2562 440 D.
2577 418 2627 446 938.

2507 1843 2616 1897 2¹2¹&

2508 1898 2518 1907 ⁸
2532 1895 2570 1917 Ad
2584 1901 2601 1922 1,
2614 1901 2634 1917 2.

2506 2330 2516 2339 ¹·
2526 2329 2537 2350 1
2546 2329 2580 2351 ad
2592 2329 2657 2357 vim„
2665 2335 2717 2357 cap.
2759 2356 2761 2358 ,

2506 2361 2542 2383 tn,
2551 2361 2611 2378 vers.
2621 2362 2643 2384 7.
