2860 4244
163 2214 173 2222 ⁸
190 2212 248 2239 Cap.
262 2217 303 2233 vn.

1098 227 1365 275 QUAESTIO
1396 226 1497 273 CVI,
1526 226 1824 263 ARTICULUS
1852 225 1888 262 V

404 321 554 352 servata
581 312 738 349 iustitiae
768 310 983 359 aequalitas,
1005 309 1034 345 si
1058 320 1156 344 unus
1186 307 1362 343 retineret
1381 317 1462 341 rem
1491 303 1493 341 l
1519 304 1606 341 ideo
1636 305 1666 341 si
1693 305 1826 353 aliquis
1852 317 1897 340 ex
1916 304 2066 340 fervore
2096 302 2209 339 animi
2237 310 2493 351 praeoccupet
2522 302 2585 340 de-

404 367 554 405 alterius
583 367 727 413 absque
748 364 826 400 eius
845 363 1052 400 voluntate.
1084 360 1160 397 Sed
1182 359 1353 396 debitum
1381 369 1465 394 mo·
1491 357 1493 408 l
1520 357 1642 394 bitum
1670 364 1833 406 tempus,
1864 369 1943 394 non
1972 356 2041 393 erit
2068 355 2304 392 laudandum
2324 360 2348 391 ².

404 421 480 457 rale
501 419 690 468 dependet
719 430 762 453 ex
782 418 978 453 honestate
1009 413 1191 451 debentis.
1222 413 1270 449 Et
1292 412 1378 448 ideo
1401 411 1463 447 de·
1572 413 1631 446 Ao
1647 421 1806 447 TERTIUM
1826 422 2012 447 mmmmm
2032 409 2139 457 quod
2159 407 2346 445 beneficia
2366 407 2480 445 etiam
2501 416 2587 445 sunt

404 471 489 510 bet³⁵
510 472 616 509 reddi
637 471 764 508 debito
784 478 970 516 tempore,
991 467 1204 503 secundum
1225 465 1330 514 quod
1355 463 1466 512 exigit
1521 470 1739 511 opportuno
1767 471 1940 512 tempore
1971 463 2107 499 danda.
2139 463 2188 498 Et
2215 469 2403 498 tunc-non
2423 469 2479 498 est
2506 472 2586 498 am-

403 247 478 283 402

403 526 586 562 rectitudo
615 523 772 560 virtutis.

455 581 514 615 AD
542 588 730 614 SECUNDUM
759 586 942 611 DICENDUM
972 573 1077 621 quod
1108 572 1235 619 fervor
1262 570 1465 607 voluntatis
1492 571 1493 600 1

402 644 479 668 non
510 638 564 666 est
591 630 782 667 virtuosus
820 627 889 663 nisi
918 626 964 663 sit
992 625 1136 662 ratione
1171 624 1379 661 ordinatus.
1418 624 1466 659 Et

453 744 477 776 ὃ)
498 745 580 769 debet.
594 757 612 762 -
630 746 735 775 oportet
755 743 783 767 P.
1490 735 1493 800 Ι

453 781 474 811 ε)
494 779 668 804 laudandum.
681 792 700 797 —
714 777 866 802 laudandus
885 775 1014 801 PDGLsK
1033 781 1058 800 et
1076 782 1102 800 a.

1492 518 1493 568 l
1520 516 1618 564 plius
1646 516 1875 553 tardandum
1907 528 1994 553 cum
2021 522 2284 564 opportunum
2309 512 2493 563 tempus(
2522 513 2587 551 ad-

1520 568 1678 606 venerit.
1709 570 1758 606 Et
1785 569 1887 607 idem
1917 569 2031 606 etiam
2061 568 2258 620 observari
2279 575 2429 616 oportet
2457 567 2495 604 in
2523 567 2588 603 be-

1492 644 1495 657 2
1521 622 1747 659 neficiorum
1777 622 2145 671 recompensatione.

1573 735 1597 768 ζ)
1619 740 1763 769 tempus..-
1781 737 1843 762 Om.
1861 738 1912 762 BF.

1568 850 1622 857 Μ

1186 917 1506 960 ARTICULUS
1537 916 1795 969 QUINTUS

827 983 990 1045 ‘UTRUM
1015 1011 1342 1043 BENEFICIORUM
1366 1009 1734 1042 RECOMPENSATIO
1759 1009 1825 1040 SIT
1849 1008 2151 1040 ATTENDENDA

761 1058 999 1090 SECUNDUM
1024 1056 1263 1087 AFFECTUM
1287 1054 1625 1091 BENEF1C1ANTIS‚
1649 1054 1708 1085 AN
1732 1053 1970 1085 SECUNDUM
1994 1053 2230 1084 EFFECTUM

1235 1135 1292 1159 VIII
1313 1134 1409 1164 Ethic„
1431 1135 1488 1159 lect.

613 1231 635 1255 D
659 1229 823 1260 QUINTUM
847 1228 900 1253 Slc
921 1227 1162 1253 PROCEDITUR.
1179 1214 1340 1252 Videtur
1360 1214 1467 1262 quod
1492 1213 1494 1242 l

611 1270 887 1308 beneficiorum
917 1268 1222 1317 recompensatio
1251 1280 1330 1304 non
1350 1268 1395 1304 sit
1415 1275 1467 1304 at-

595 1324 807 1361 tendenda
845 1322 1058 1359 secundum
1097 1322 1279 1358 affectum
1323 1321 1494 1379 benefi-l

613 1378 764 1423 ciantis,
804 1376 873 1413 sed
911 1375 1125 1412 secundum
1162 1374 1354 1411 effectum.
1393 1375 1495 1420 Rem

400 1431 664 1481 compensatio
695 1430 798 1467 enim
827 1428 1023 1470 beneficiis
1052 1429 1222 1465 debetur.
1255 1428 1331 1465 Sed
1360 1429 1468 1464 hene·
1493 1423 1495 1481 l

389 1486 528 1534 ficium
547 1486 586 1522 in
607 1484 744 1521 effectu
765 1482 950 1520 consistit:
972 1489 1014 1519 ut
1032 1482 1159 1531 ipsum
1179 1492 1324 1518 nomen
1344 1489 1466 1518 sonat.
1494 1484 1496 1526 ξ

402 1540 504 1587 Ergo
534 1536 838 1586 recompensatio
869 1536 983 1572 debet
1010 1534 1154 1572 attendi
1183 1535 1397 1572 secundum
1418 1535 1468 1571 ef·
1494 1534 1496 1581 l

401 1593 556 1629 fectum.
1056 1637 1073 1638 Π
1495 1584 1497 1625 l

457 1657 492 1682 2.
524 1646 764 1690 PRAETEREA,
795 1642 931 1691 gratia,
961 1638 1060 1690 quae
1095 1641 1284 1678 beneficia
1321 1652 1469 1677 recom-
1495 1632 1497 1692 ξ

401 1707 547 1747 pensat,
578 1705 633 1734 est
660 1709 748 1745 pars
772 1695 944 1732 iustitiae.
976 1695 1054 1732 Sed
1073 1694 1210 1731 iustitia
1230 1694 1381 1743 respicit
1410 1705 1471 1730 ae·
1496 1699 1497 1739 l

403 1752 623 1801 qualitatem
657 1750 734 1787 dati
762 1757 798 1786 et
826 1748 983 1797 accepti.
1013 1749 1116 1796 Ergo
1148 1755 1183 1784 et
1208 1748 1245 1784 in
1265 1748 1469 1796 gratiarum
1496 1748 1497 1804 l

403 1803 762 1853 recompensatione
791 1802 1047 1839 attendendus
1077 1809 1133 1838 est
1161 1801 1283 1849 magis
1314 1801 1473 1838 effectus
1496 1813 1498 1837 l

403 1871 520 1907 quam
550 1858 709 1894 affectus
739 1855 1014 1893 beneficiantis.

459 1913 493 1949 3.
523 1912 761 1956 PRAETEREA,
798 1909 922 1946 nullus
956 1915 1083 1957 potest
1119 1907 1315 1944 attendere
1351 1907 1399 1944 ad
1432 1907 1499 1955 id}

404 1964 510 2013 quod
538 1965 696 2012 ignorat.
736 1963 812 1999 Sed
842 1963 945 1999 solus
973 1963 1079 1998 Deus
1113 1961 1352 2009 recognoscit
1371 1966 1388 1982 α
1418 1961 1472 1997 in·
1497 1962 1499 1978 *

403 2018 582 2055 teriorem
612 2017 803 2054 affectum.
833 2017 936 2063 Ergo
965 2027 1044 2051 non
1068 2021 1194 2063 potest
1221 2014 1306 2051 fieri
1329 2014 1472 2062 gratiae

403 2071 709 2119 recompensatio
745 2069 959 2106 secundum
989 2068 1186 2105 affectum.
1498 2108 1500 2114 .

458 2126 532 2162 SED
553 2136 700 2161 CONTRA
728 2135 793 2159 EST
822 2122 928 2170 quod
953 2122 1101 2158 Seneca
1122 2120 1223 2168 dicit,
1245 2121 1282 2157 in
1303 2121 1316 2156 I
1337 2121 1383 2157 de
1401 2122 1473 2158 Be—
1499 2123 1500 2144 ³

403 2179 543 2226 neficiis
562 2176 577 2206 β
596 2177 632 2213 *;
667 2177 955 2224 Nonnunquam
990 2175 1116 2225 magis
1144 2186 1212 2210 nos
1239 2174 1385 2223 obligat
1410 2175 1476 2223 qui
1498 2145 1501 2225 i

404 2232 502 2269 dedit
527 2242 652 2279 parva
681 2230 909 2279 magnifice,-
937 2229 1002 2277 qui
1029 2228 1215 2278 exiguum
1245 2227 1385 2273 tribuit,
1410 2228 1477 2265 sed
1499 2226 1501 2276 ξ

407 2286 572 2322 libenter.
1499 2278 1501 2325 j

459 2340 685 2375 RasPoNDEo
701 2347 886 2372 DICENDUM
906 2335 1012 2383 quod
1032 2335 1336 2382 recompensatio
1357 2334 1473 2370 bene·
1499 2335 1501 2354 ³

406 2391 481 2428 ficii
510 2398 634 2439 potest
662 2390 710 2426 ad
739 2397 814 2425 tres
842 2388 998 2425 virtutes
1027 2388 1237 2436 pertinere:
1268 2387 1406 2424 scilicet
1425 2388 1473 2424 ad
1500 2403 1501 2426 l

407 2444 597 2490 iustitiam,
628 2443 676 2479 ad
705 2442 875 2489 gratiam,
900 2449 935 2478 et
962 2441 1011 2478 ad
1034 2440 1251 2477 amicitiam.
1281 2441 1343 2477 Ad
1372 2440 1475 2477 iusti·

407 2498 499 2534 tiam
529 2496 686 2545 quidem
715 2495 877 2544 pertinet
896 2494 1051 2542 quando
1081 2494 1389 2542 recompensatio
1409 2494 1475 2530 ha-

408 2552 472 2588 bet
499 2550 684 2587 rationem
707 2548 821 2586 debiti
841 2547 986 2595 legalis:
1017 2547 1111 2583 sicut
1137 2547 1175 2583 in
1204 2553 1338 2583 mutuo
1374 2554 1409 2583 et
1437 2547 1475 2583 in

409 2604 489 2641 aliis
517 2602 751 2640 huiusmodi.
791 2602 840 2638 Et
868 2601 906 2637 in
934 2600 997 2637 tali
1025 2599 1332 2648 recompensatio
1363 2599 1477 2636 debet
1501 2617 1503 2646 g

410 2657 552 2694 attendi
581 2656 791 2692 secundum
822 2654 1068 2703 quantitatem
1098 2653 1184 2690 dati.

462 2710 524 2747 Ad
561 2708 766 2746 amicitiam
804 2715 933 2744 autern
971 2706 1131 2755 pertinet
1169 2705 1475 2754 recompensatio

409 2762 597 2809 beneficii,
620 2769 655 2799 et
683 2761 852 2798 similiter
880 2761 928 2798 ad
955 2761 1135 2797 virtutem
1164 2759 1315 2807 gratiae,
1343 2771 1476 2795 secun-

411 2817 502 2854 dum
531 2816 635 2864 quod
664 2815 778 2851 habet
807 2814 994 2851 rationem
1021 2813 1135 2850 debiti
1164 2812 1340 2850 moralis:
1372 2812 1478 2848 aliter
1502 2858 1504 2862 Δ

409 2878 538 2907 tamen
568 2877 603 2906 et
631 2869 747 2906 aliter.
782 2869 886 2904 Nam
923 2867 961 2904 in
991 2866 1350 2915 recompensatione
1383 2865 1476 2902 ami·
1502 2863 1505 2909 'l

1507 1141 1566 1164 x1113
1587 1133 1630 1163 IX,
1649 1133 1709 1158 lect.
1727 1140 1748 1158 1.

1520 1213 1630 1250 citiae
1660 1221 1811 1262 oportet
1830 1221 2046 1262 respectum
2075 1212 2207 1249 haberi
2225 1212 2275 1249 ad
2295 1211 2484 1249 amicitiae
2504 1223 2594 1249 cau«

1521 1279 1615 1304 sam.
1645 1267 1758 1304 Unde
1780 1266 1816 1304 in
1837 1266 2002 1303 amicitia
2020 1266 2120 1303 utilis
2140 1266 2255 1303 debet
2282 1265 2591 1314 recompensatio

1519 1320 1604 1357 fieri
1633 1320 1846 1357 secundum
1875 1319 2074 1356 utilitatem
2103 1331 2220 1368 quam
2248 1319 2333 1368 quis
2367 1326 2423 1356 est
2451 1331 2498 1356 ex
2525 1319 2592 1356 be-

1521 1373 1662 1411 neficio
1701 1380 1941 1411 consecutus.
1982 1374 2024 1410 In
2061 1372 2227 1409 amicitia
2269 1379 2399 1409 autem
2440 1372 2593 1410 honesti

1522 1427 1637 1465 debet
1673 1427 1712 1464 in
1747 1426 2106 1475 recompensatione
2143 1425 2275 1462 haberi
2312 1432 2506 1474 respectus
2541 1427 2592 1464 ad

1522 1480 1772 1528 electionem,
1803 1480 1884 1517 sive
1920 1479 1969 1516 ad
2007 1479 2190 1516 affectum
2220 1478 2362 1516 dantis:
2399 1478 2488 1527 quia
2510 1479 2593 1516 'hoc

1522 1533 1727 1583 praecipue
1761 1532 1965 1581 requiritur
2000 1533 2049 1570 ad
2077 1533 2279 1579 virtutem,
2309 1540 2351 1569 ut
2385 1531 2520 1569 dicitur
2553 1532 2594 1572 in
2645 1566 2646 1569 ,

1521 1588 1608 1624 VIII
1637 1587 1758 1624 Ethic.
1778 1586 1798 1608 ’¹‘
1826 1606 1850 1613 -
1880 1587 1929 1623 Et
1957 1585 2141 1634 similiter,
2173 1586 2270 1634 quia·
2290 1585 2410 1634 gratia
2445 1584 2595 1636 respicit
2619 1591 2630 1603 ⁴
2691 1605 2699 1614 ·

1523 1640 1757 1678 beneficium
1786 1640 2001 1677 secundum
2022 1641 2126 1688 quod
2155 1647 2212 1676 est
2229 1639 2342 1687 gratis
2359 1638 2592 1688 impensum,

1523 1695 1627 1743 quod
1655 1693 1814 1742 quidem
1849 1693 2012 1742 pertinet
2040 1693 2090 1730 ad
2119 1693 2319 1738 affectum3
2356 1692 2445 1730 ideo
2478 1691 2593 1730 etium

1523 1746 1663 1795 gratiae
1706 1746 2014 1795 recompensatio
2053 1746 2212 1784 attendit
2250 1745 2371 1794 magis
2413 1746 2595 1784 affectum

1525 1800 1648 1838 dantis
1677 1812 1793 1848 quam
1824 1799 2016 1837 effectum.
2392 1827 2396 1832 .
2583 1820 2588 1824 -

1577 1856 1636 1890 An
1665 1865 1803 1891 PRIMUM
1832 1864 1931 1890 ERGO
1958 1864 2145 1890 memnona
2183 1852 2289 1901 quod
2327 1852 2455 1889 omnis
2488 1859 2595 1890 actus

1525 1907 1680 1944 moralis
1701 1919 1744 1943 ex
1764 1906 1959 1943 voluntate
1983 1905 2185 1954 dependet.
2215 1905 2328 1943 Unde
2347 1905 2594 1952 beneficium,

1525 1960 1738 1997 secundum
1777 1959 1884 2008 quod
1913 1967 1969 1996 est
2004 1958 2217 2006 laudabile,
2247 1966 2361 2007 prout
2390 1958 2424 1995 ei
2455 1958 2596 2006 gratiae

1525 2013 1832 2062 recompensatio
1863 2013 2036 2060 debetur,
2065 2011 2308 2049 materialiter
2327 2011 2596 2060 quidemcon-

1527 2067 1620 2104 sistit
1648 2067 1686 2103 in
1717 2067 1867 2113 effectu,
1889 2066 1957 2103 sed
1985 2065 2196 2103 formaliter
2224 2073 2260 2102 et
2284 2064 2541 2114 principaliter
2558 2065 2597 2103 in

1525 2121 1736 2157 voluntate.
1766 2120 1877 2157 Unde
1908 2120 2056 2156 Seneca
2086 2119 2185 2166 dicit,
2215 2118 2252 2156 in
2275 2119 2288 2155 1
2309 2118 2358 2156 de'
2372 2119 2537 2168 Benefic.
2557 2118 2595 2156 ⁸:

1525 2173 1758 2222 Beneficium
1788 2185 1862 2210 non
1893 2174 1929 2210 in
1959 2185 2003 2209 eo
2033 2173 2135 2222 quod
2156 2174 2203 2218 fit
2228 2177 2296 2209 aut
2329 2173 2443 2209 datur
2476 2173 2597 2210 consi-
2623 2224 2626 2225 ⁷

1525 2227 1596 2273 stit,
1625 2228 1692 2264 sed
1717 2227 1755 2264 in
1785 2227 1863 2275 ipso
1892 2226 2015 2263 dantis
2042 2232 2110 2263 aut
2129 2226 2307 2276 facientis
2333 2226 2475 2263 animo.

1580 2282 1639 2317 AD
1659 2292 1851 2317 SECUNDUM
1871 2291 2057 2317 DICENDUM
2078 2279 2183 2328 quod
2212 2279 2330 2327 gratia
2351 2286 2407 2316 est
2424 2290 2514 2328 pars
2543 2278 2597 2316 iu-

1527 2334 1659 2379 stitiae,
1681 2345 1759 2370 non
1789 2333 1946 2382 quidem
1976 2333 2072 2369 sicut
2092 2332 2238 2382 species
2257 2332 2417 2380 generis,
2439 2333 2506 2370 sed
2529 2344 2600 2382 per

1527 2387 1723 2435 quandam
1753 2387 2018 2423 reductionem
2049 2386 2097 2423 ad
2126 2398 2245 2434 genus
2273 2385 2446 2432 iustitiae,
2466 2394 2508 2423 ut
2535 2397 2598 2423 su·

1527 2453 1596 2489 pra
1618 2442 1637 2461 '¹‘
1667 2439 1811 2477 dictum
1833 2447 1899 2476 est.
1930 2439 2042 2477 Unde
2063 2451 2142 2476 non
2165 2446 2316 2488 oportet
2334 2438 2441 2486 quod
2460 2437 2598 2481 eadem
2626 2446 2637 2456 ⁸

1500 2537 1502 2548 ἱ
1528 2493 1623 2530 ratio
1653 2492 1769 2530 debiti
1798 2493 2014 2530 attendatur
2042 2492 2080 2529 in
2107 2499 2268 2541 utraque
2296 2491 2446 2530 virtute.
2565 2495 2567 2497 “

1582 2548 1641 2583 An
1669 2557 1830 2583 TER‘rmM
1859 2557 2044 2583 nicENDUM
2073 2546 2178 2594 quod
2215 2545 2396 2582 affectum
2430 2544 2599 2587 hominis

1530 2611 1598 2648 per
1625 2611 1665 2635 se
1694 2598 1852 2647 quidem
1883 2599 1987 2635 solus
2007 2599 2114 2635 Deus
2132 2598 2255 2636 videt:
2287 2598 2355 2635 sed
2384 2598 2598 2636 secundum

1530 2652 1634 2700 quod
1663 2664 1732 2701 per
1752 2651 1879 2701 aliqua
1899 2651 2006 2700 signa
2034 2652 2309 2698 manifestatur,
2330 2659 2456 2700 potest
2484 2651 2599 2690 etiam

1530 2705 1655 2754 ipsum
1684 2706 1804 2742 homo
1835 2715 2080 2753 cognoscere.
2111 2706 2159 2742 Et
2186 2705 2261 2742 hoc
2290 2704 2410 2742 modo
2440 2705 2600 2744 affectus

1530 2758 1793 2796 beneficiantis
1813 2763 1828 2786 Υ
1858 2758 2099 2806 cognoscitur
2119 2771 2163 2795 ex
2184 2758 2267 2807 ipso
2297 2758 2416 2796 modo
2437 2771 2515 2808 quo
2534 2759 2600 2797 be-

1502 2813 1504 2857 }
1531 2812 1713 2849 neficium
1734 2811 1925 2848 tribuitur:
1955 2819 2047 2861 puta
2067 2811 2155 2860 quia
2175 2812 2385 2860 gaudenter
2412 2819 2449 2850 et
2469 2817 2600 2862 prom*-

1529 2873 1592 2914 pte
1623 2865 1756 2914 aliquis
1785 2864 2018 2902 beneficium
2048 2865 2244 2914 impendit.

462 2986 488 3015 α)
509 2983 681 3016 recognoscit.
694 2997 711 3001 —
729 2982 865 3015 cognoscit
883 2982 958 3006 PDL.

465 3020 489 3052 β)
510 3019 656 3051 Beneficiis.
669 3033 686 3037 -
709 3018 810 3051 Officiis
828 3018 977 3042 ACDEHIL
997 3023 1022 3042 et
1040 3022 1100 3050 post
1116 3022 1272 3050 expunctum
1287 3016 1425 3049 Beneficiis
1444 3016 1475 3041 Κ.

1584 2981 1610 3014 γ)
1631 2980 1819 3014 beneficiantis.
1831 2994 1850 2999 -
1868 2980 2054 3014 benefacientis
2073 2979 2104 3004 G.

1092 3096 1424 3128 Commentaria
1447 3094 1697 3128 Cardinalis
1721 3094 1920 3127 Caietani

442 3187 463 3207 N
493 3175 624 3218 articulo
654 3175 767 3215 quinto
796 3174 938 3204 eiusdem
965 3175 1257 3205 centesimaesextae
1282 3174 1478 3215 quaestionis
1502 3175 1505 3213 l

416 3189 578 3251 Idubiurn
602 3219 746 3255 occurrit,
764 3219 838 3260 quia
862 3218 1000 3248 diversae
1019 3219 1148 3249 virtutes
1165 3225 1292 3258 oportet
1313 3219 1401 3259 quod
1424 3218 1478 3248 ha-

413 3265 508 3295 beant
531 3271 618 3295 actus
643 3265 700 3294 sub
718 3262 846 3293 diversis
863 3262 1049 3292 formalibus
1066 3263 1251 3292 rationibus.
1267 3265 1314 3292 Ac
1330 3272 1386 3302 per
1406 3262 1478 3299 hoc,
1504 3279 1505 3282 =

415 3307 499 3339 male
522 3309 554 3338 in
574 3308 674 3338 littera
698 3307 812 3338 dicitur
835 3307 924 3348 quod
939 3307 1191 3346 recompensatio
1208 3306 1351 3336 beneficii
1368 3316 1480 3336 secun-

416 3353 492 3383 dum
518 3353 651 3383 eandem
675 3352 840 3387 rationem,
865 3351 982 3382 scilicet
1005 3350 1152 3381 affectum
1176 3351 1287 3386 dantis,
1306 3357 1424 3390 spectat
1440 3351 1479 3381 ad
1505 3388 1506 3393 1

417 3398 494 3427 duas
517 3396 656 3432 virtutes,
681 3396 797 3426 scilicet
820 3395 952 3435 gratiam
975 3402 1006 3426 et
1029 3394 1199 3425 amicitiam
1222 3394 1356 3424 honesti.

474 3441 524 3470 Ad
547 3441 607 3471 hoc
630 3441 743 3471 dicitur
767 3440 855 3480 quod
879 3440 965 3470 aliud
989 3446 1035 3470 est
1058 3439 1148 3480 loqui
1165 3439 1203 3468 de
1220 3438 1393 3469 rationibus
1417 3438 1479 3468 for·
1506 3459 1507 3478 ¹

1531 3184 1593 3215 que
1616 3184 1747 3205 omnem
1772 3181 1878 3205 actum
1902 3173 1998 3204 unius
2021 3173 2144 3204 virtutis
2168 3183 2235 3204 esse
2258 3173 2386 3206 alterius
2408 3173 2540 3205 rationis
2563 3173 2601 3204 ab

1504 3242 1505 3251 ,
1531 3225 1603 3249 actu
1627 3218 1764 3255 alterius,
1787 3218 1952 3259 loquendo
1978 3218 2016 3248 de
2040 3218 2163 3249 ratione
2187 3217 2313 3249 formali
2337 3219 2514 3259 adaequata
2541 3217 2601 3256 vir-

1532 3262 1617 3292 tutis.
1643 3262 1704 3293 Sed
1728 3272 1794 3292 non
1818 3269 1946 3302 oportet
1976 3262 2047 3298 hoc,
2077 3262 2242 3303 loquendo
2273 3262 2311 3293 de
2342 3262 2449 3305 aliqua
2479 3261 2601 3306 ratione

1533 3306 1728 3346 particulari:
1754 3306 1907 3347 quoniam
1932 3312 1992 3336 stat
2015 3307 2104 3347 quod
2128 3317 2192 3337 una
2215 3306 2411 3347 particularis
2427 3306 2507 3338 ratio
2525 3305 2600 3336 c'on'-

1533 3351 1669 3381 tineatur
1699 3350 1899 3381 materialiter
1930 3351 1988 3381 sub
2013 3350 2139 3381 formali
2170 3351 2291 3382 ratione
2315 3350 2480 3391 utriusque
2505 3350 2600 3381 virm-

1505 3395 1506 3402 *
1533 3394 1582 3426 tis.
1614 3395 1706 3425 Unde
1736 3395 1769 3424 in
1801 3395 1983 3435 proposito,
2009 3395 2155 3435 quamvis
2178 3395 2276 3435 gratia
2303 3401 2335 3426 et
2365 3394 2502 3427 amicitia
2525 3404 2601 3424 con-

1534 3439 1661 3469 veniant
1690 3439 1723 3469 in
1747 3439 1805 3469 hac
1837 3449 1930 3470 causa
1963 3439 2226 3480 recompensandi
2257 3438 2469 3477 beneficium,
2493 3437 2600 3469 videli-

418 3485 553 3515 malibus
577 3485 757 3525 adaequatis
780 3484 855 3524 ipsis
879 3483 1063 3514 virtutibus:
1085 3490 1115 3513 et
1139 3483 1224 3513 aliud
1241 3483 1279 3513 de
1296 3483 1401 3524 aliqua
1418 3493 1480 3512 una
1506 3482 1507 3486 ’
1534 3490 1582 3514 cet
1605 3483 1637 3513 in
1661 3482 1772 3514 affectu
1804 3483 1921 3520 dantis;
1947 3484 2005 3514 sub
2038 3483 2160 3514 diversa
2187 3491 2294 3514 tamen
2325 3482 2445 3513 ratione
2468 3489 2601 3524 utraque

419 3529 597 3569 particulari
620 3529 740 3559 ratione
764 3535 911 3559 contenta
935 3529 994 3558 sub
1018 3528 1202 3568 adaequata.
1228 3527 1364 3567 Oportet
1393 3537 1481 3557 nam-
1507 3544 1508 3557 l
1535 3527 1596 3558 hoc
1625 3527 1707 3558 facit.
1744 3528 1827 3558 Nam
1851 3527 1987 3558 amicitia
2018 3527 2145 3559 honesti
2175 3527 2236 3558 hoc
2260 3526 2334 3558 facit
2365 3526 2398 3558 in
2428 3526 2538 3558 ordine
2562 3528 2601 3558 ad

2625 2122 2634 2133 ⁶
2650 2121 2708 2151 cnp.
2715 2128 2756 2156 γι.
