2860 4244
48 1370 60 1381 ⁹
73 1369 110 1392 Cf.
123 1375 188 1392 nnm-
202 1375 228 1392 u.

46 1909 234 1933 ’anamim

15 3551 18 3557 ·
47 3540 58 3550 ⁸
72 3539 143 3562 Num.
161 3546 177 3562 1.

1004 322 1271 368 QUAESTIO
1301 322 1349 370 C,
1379 323 1676 361 ARTICULUS
1706 323 1756 360 IV

2394 329 2464 364 361

291 400 391 436 cium
431 399 566 437 offerat
584 407 612 448 ν,
643 401 693 438 ob
731 401 896 449 aliquam
933 412 1088 436 eausam
1122 400 1382 438 ordinaverit
1380 402 1574 458 requirat
1610 402 1751 450 aliquid
1779 402 1849 439 sibi
1879 395 2044 439 exhiberi
2081 403 2126 440 de
2156 403 2337 441 fructibus
2375 405 2470 442 illius

291 452 430 501 aliquid
460 453 761 491 subtrahendum
782 454 830 490 de
849 453 1031 490 fructibus
1060 453 1235 490 beneficii
1264 466 1354 491 con·
1380 447 1382 503 i
1409 455 1602 502 beneficii,

1640 455 1742 492 idem
1781 463 1836 492 est
1870 468 1914 492 ac
1943 455 1972 492 si
2000 455 2134 493 aliud⁰
2162 469 2303 494 munus
2341 458 2388 495 ab
2424 471 2469 494 eo

290 505 433 543 ferendi
463 513 500 543 et
527 507 565 544 in
601 506 686 555 pios
714 519 806 543 usus
842 505 1156 555 expendendum,
1186 518 1265 543 non
1299 515 1354 543 est
1380 505 1381 562 1
1409 507 1582 554 exigeret,
1614 515 1649 544 et
1676 521 1754 545 non
1784 517 1886 546 caret
1912 508 2004 546 vitio
2033 509 2229 546 simoniae.

289 558 471 596 illicitum.
511 559 550 596 Si
576 572 670 596 vero
701 560 749 596 ab
779 572 825 596 eo
855 559 915 596 cui
943 559 1173 596 beneficium
1212 557 1353 596 offert?
1380 573 1382 603 j

342 673 366 704 ν)
385 673 521 707 offerat.—
537 673 660 707 conserat
679 673 816 698 PCGsDK.

345 706 368 741 ξ)
387 708 474 742 offert.
485 723 504 728 -
520 709 625 743 confert
642 709 724 739 PGL3
742 709 784 733 vel
800 709 905 741 confert
923 715 1014 740 margo
1031 708 1063 732 D.

1462 673 1488 704 ο)
1507 673 1590 698 aliud.
1603 687 1623 692 -
1639 674 1748 706 aliquod
1767 675 1871 699 PGLsD
1890 680 1916 700 et
1932 682 1964 704 a,
1983 676 2053 700 alias
2072 676 2105 701 H.
2117 689 2135 694 —-
2153 676 2203 700 Pro
2222 679 2248 701 et
2267 683 2334 706 non,
2354 683 2406 701 non
2426 677 2470 701 ΑΒ

1408 707 1548 740 CEFHpK,
1569 716 1615 734 nec
1634 709 1701 741 CsK,
1720 710 1791 742 quod
1810 718 1860 735 non
1882 711 1916 740 1.;
1936 714 1989 736 et...
2006 711 2136 736 simoniae
2154 719 2207 736 om.
2226 711 2259 736 G.

964 795 1296 828 Commentafia
1320 795 1570 828 Cardinah’s
1594 797 1794 830 Caieta-ni

320 894 340 914 11
363 884 496 914 articulo
520 891 634 924 quarto
659 883 795 914 dubium
824 885 976 921 occurrit,
1002 894 1041 914 an
1065 883 1272 915 ecclesiastica
1301 884 1353 913 be-

294 897 431 958 Ineficia
460 928 552 958 liceat
576 928 710 958 vendere
740 928 927 959 auctoritate
955 929 1069 969 Papae.
1101 928 1164 959 Sed
1186 928 1262 969 quia
1292 927 1354 958 hoc

288 979 336 1003 sat
357 972 390 1002 in
414 978 524 1003 nostro
547 972 652 1012 primo
676 972 851 1010 Quolibeto
866 973 884 992 *
907 973 1130 1009 discussimus,
1155 982 1237 1013 quae
1260 981 1355 1013 super

254 1014 350 1047 hoc
373 1014 506 1047 articulo
529 1016 714 1053 fundantur,
738 1017 794 1048 ubi
818 1017 932 1048 dicitur
955 1018 1045 1058 quod
1067 1017 1117 1047 ius
1137 1015 1286 1052 clericale,
1304 1016 1355 1046 cui
1379 1016 1381 1023 ⁴

254 1059 478 1092 'beneficium
501 1060 686 1098 annectitur,
711 1068 758 1092 est
773 1062 945 1102 spirituale,
961 1062 1033 1092 ideo
1057 1068 1250 1102 pertranseo.
1275 1060 1355 1091 Vide

287 1105 341 1142 ibi,
366 1105 392 1135 si
414 1105 472 1136 vis.

344 1149 454 1180 Unum
477 1156 584 1180 tamen
608 1149 743 1180 dubium
766 1157 870 1181 restat.
896 1150 981 1187 Quia
1006 1150 1039 1180 in
1066 1148 1354 1190 permutationibus

287 1193 515 1224 beneficiorum
538 1203 680 1235 quorum
703 1204 806 1225 unum
829 1194 925 1224 ditius
949 1200 995 1224 est
1017 1194 1134 1230 altero,
1161 1193 1285 1224 licitum
1309 1200 1355 1223 est

287 1237 474 1278 pecuniam,
497 1237 669 1278 superioris
692 1238 894 1275 auctoritate,
920 1248 938 1268 a
961 1237 1068 1269 minus
1092 1237 1188 1268 divite
1212 1237 1294 1274 dari,
1319 1244 1355 1268 ut

287 1283 327 1313 ad
350 1282 578 1323 aequalitatem
598 1289 772 1322 proventus
801 1282 987 1323 temporalis
1017 1282 1230 1313 commutatio
1261 1282 1355 1313 redu-

287 1327 389 1358 ca‘tur:
411 1333 445 1358 ut
459 1326 592 1358 habetur
607 1326 711 1363 Extra,
725 1327 764 1358 de
775 1327 897 1358 Rerum
909 1327 1099 1365 Permutat„
1114 1338 1183 1367 cap.
1194 1327 1246 1357 Ad
1256 1336 1354 1368 quae·

285 1372 412 1402 stiones.
436 1371 482 1406 Ex
498 1370 561 1402 hoc
577 1370 662 1401 enim
678 1371 778 1411 surgit
799 1371 935 1402 dubium
954 1372 1080 1412 duplex.
1105 1371 1249 1402 Primum
1270 1378 1316 1402 est
1327 1369 1353 1408 *,

285 1414 362 1457 quia
384 1414 486 1456 qualis
510 1422 557 1446 est
579 1415 747 1456 proportio
772 1416 868 1456 partis
891 1417 931 1447 ad
954 1423 1092 1456 partem,
1117 1415 1187 1447 talis
1212 1422 1258 1447 est
1281 1426 1355 1456 pro-

286 1459 391 1500 portio
414 1459 512 1491 totius
535 1459 574 1490 ad
598 1465 714 1491 totum.
746 1460 808 1491 Sed
831 1470 890 1501 pro
915 1467 1002 1501 parte
1018 1460 1059 1490 in
1082 1470 1147 1502 qua
1169 1460 1354 1500 temporalis

285 1509 459 1544 proventus
483 1503 609 1534 alterius
636 1504 773 1541 excedit,
797 1504 921 1535 licitum
949 1512 995 1535 est
1020 1504 1191 1545 pecuniam
1221 1504 1352 1544 exigere.

284 1599 398 1625 ventus
413 1592 518 1629 habet,
537 1592 661 1624 licitum
677 1593 735 1624 erit
757 1603 817 1633 pro
833 1600 900 1624 tota
922 1594 1102 1633 praebenda
1114 1593 1242 1624 alterius
1258 1603 1354 1634 pecu—
1378 1598 1380 1634 ᾗ

232 1666 235 1668 .
285 1636 373 1668 niam
395 1637 478 1668 dare.
506 1637 548 1668 Et
569 1637 613 1668 sic
629 1637 774 1688 sequitur
794 1638 885 1678 quod
900 1638 1079 1677 praebenda
1101 1644 1178 1673 tota,
1199 1648 1256 1668 seu
1279 1647 1354 1678 pro-

285 1688 398 1712 ventus
421 1680 574 1718 beneficii,
595 1682 712 1722 poterit
731 1682 836 1718 vendi,
855 1682 1043 1713 auctoritate
1075 1681 1258 1722 superioris,
1283 1692 1353 1722 per-

285 1725 441 1757 mutando
465 1726 531 1756 duo
555 1724 707 1757 beneficia
729 1735 871 1769 quorum
894 1726 1030 1758 alterum
1053 1725 1133 1756 nihil
1160 1727 1352 1767 temporale,

285 1770 420 1801 alterum
447 1769 576 1811 aliquid
590 1766 693 1801 habet.
722 1766 854 1801 Falsum
881 1778 928 1801 est
959 1780 1034 1811 ergo
1063 1770 1153 1811 quod
1183 1770 1298 1802 dicitur
1320 1771 1352 1802 in

283 1814 402 1850 littera,
425 1814 515 1855 quod
537 1813 724 1845 huiusmodi
754 1825 874 1846 annexa
904 1815 1119 1855 spiritualibus
1148 1816 1238 1846 nullo
1260 1816 1353 1846 modo

285 1859 359 1890 licet
381 1859 528 1890 vendere.

339 1903 524 1935 Secundum
547 1909 594 1934 est
608 1902 636 1939 *,
659 1903 735 1943 quia
758 1903 917 1944 quidquid
939 1910 1046 1944 potest
1068 1903 1151 1935 licite
1175 1903 1242 1934 dari
1265 1904 1354 1935 alteri

1408 893 1474 914 non
1497 890 1604 914 tamen
1628 885 1742 915 eodem
1765 887 1876 922 modo,
1901 897 1957 917 nec
1982 888 2092 917 eadem
2115 887 2251 918 ratione:
2277 887 2357 918 sicut
2380 887 2471 928 quid-

1407 927 1485 968 quid
1508 935 1615 967 potest
1629 929 1726 965 visus,
1743 937 1848 969 potest
1870 931 2056 968 intellectus,
2074 933 2128 962 sed
2147 942 2213 962 non
2236 933 2348 962 eodem
2371 933 2470 962 modo

1407 981 1466 1002 nec
1495 972 1606 1002 eadem
1637 973 1768 1004 ratione.
1800 975 1833 1004 In
1864 976 2030 1015 proposito
2054 986 2144 1026 ergo,
2168 976 2361 1016 permutanti
2388 977 2471 1007 licite

1407 1016 1474 1046 dari
1497 1023 1612 1056 potest,
1637 1018 1712 1058 quia
1734 1026 1894 1058 permutat
1915 1027 1970 1050 aut
1992 1021 2083 1060 quasi
2101 1027 2260 1060 permutat
2283 1022 2472 1061 deputatum

1407 1060 1466 1091 sibi
1490 1061 1696 1102 stipendium.
1727 1063 1812 1103 Papa
1836 1071 1943 1094 autem
1967 1074 2032 1094 non
2056 1075 2088 1095 se
2111 1065 2205 1095 habet
2229 1072 2263 1096 ut
2286 1073 2471 1105 permutans

1407 1111 1463 1135 aut
1485 1105 1577 1146 quasi
1600 1114 1786 1146 permutans
1811 1108 1999 1147 deputatum
2018 1109 2076 1138 sibi
2100 1109 2310 1149 stipendium:
2335 1110 2390 1140 sed
2414 1120 2471 1160 po-

1406 1149 1469 1180 tius
1493 1160 1526 1180 se
1556 1150 1651 1181 habet
1680 1158 1715 1182 ut
1738 1152 1877 1182 vendens
1908 1152 2063 1192 stipendia
2090 1153 2291 1184 ecclesiarum
2323 1154 2472 1185 ministris

1407 1194 1567 1234 deputata.

1463 1238 1550 1269 Cum
1573 1239 1621 1269 his
1645 1246 1752 1270 tamen
1776 1247 1837 1270 stat
1859 1241 1947 1281 quod
1973 1241 2060 1281 Papa
2088 1241 2150 1271 alio
2174 1243 2291 1278 modo,
2315 1249 2394 1283 puta
2416 1252 2473 1283 per

1406 1283 1493 1313 viam
1515 1283 1644 1314 unionis
1659 1284 1699 1314 ad
1715 1294 1860 1314 mensam
1879 1295 1980 1322 suam,
1995 1285 2046 1315 vel
2069 1285 2199 1316 subsidii
2223 1286 2382 1323 caritativi,
2397 1296 2471 1327 pos-

1407 1334 1463 1364 set,
1487 1337 1525 1358 ex
1549 1338 1643 1359 causa
1665 1328 1860 1365 rationabili,
1885 1337 2058 1370 proventus
2081 1330 2219 1361 vacantis
2243 1331 2391 1362 ecclesiae
2414 1330 2473 1361 sibi

1405 1372 1574 1412 applicare,
1599 1379 1630 1403 et
1651 1380 1727 1412 post
1742 1373 1888 1410 alienare,
1905 1381 2002 1414 prout
2025 1384 2108 1415 opus
2122 1374 2226 1412 fuerit,
2251 1382 2281 1406 et
2304 1375 2384 1406 ratio
2400 1385 2472 1405 sua-

1405 1417 1479 1448 serit
1503 1416 1730 1448 ecclesiasticae
1753 1417 1887 1458 pietatis.

1462 1461 1514 1492 IV.
1540 1461 1575 1491 ln
1600 1461 1714 1492 eodem
1730 1462 1862 1493 articulo
1878 1462 1906 1501 *,
1927 1463 2006 1493 circa
2029 1469 2115 1503 gesta
2139 1463 2243 1500 Iacob,
2261 1463 2395 1494 dubium
2419 1473 2472 1494 oc-

1379 1511 1380 1528 ³
1407 1505 1521 1541 currit,
1545 1505 1620 1546 quia
1642 1506 1864 1537 inexcusabilis
1889 1508 2020 1547 apparet
2043 1507 2146 1538 Iacob.
2171 1507 2259 1538 Tum
2282 1507 2357 1548 quia
2379 1508 2472 1538 inhu-

284 1548 381 1589 Ergo,
406 1548 432 1578 si
455 1548 589 1579 alterum
611 1548 743 1579 illorum
766 1548 996 1580 beneficiorum
1019 1548 1099 1579 nihil
1122 1549 1257 1579 omnino
1281 1559 1355 1589 pro·
1379 1582 1380 1590 ἵ

1407 1549 1567 1580 manitatis
1590 1556 1637 1581 est
1660 1560 1775 1590 negare
1798 1551 1886 1585 fratri
1908 1551 1992 1582 lasso
2016 1551 2221 1591 pulmentum
2245 1558 2401 1592 paratum.

1460 1594 1549 1624 Tum
1572 1594 1648 1634 quia
1670 1594 1794 1625 induxit
1817 1595 1903 1626 Esau
1931 1596 1971 1626 ad
1994 1596 2191 1636 peccandum
2219 1597 2388 1627 vendendo
2413 1596 2472 1626 sibi

1406 1637 1703 1678 primogenituram.
1726 1640 1800 1670 Non
1818 1640 1904 1670 enim
1919 1648 1983 1670 erat
1997 1640 2082 1671 Esau
2102 1641 2142 1670 ad
2157 1640 2220 1671 hoc
2238 1647 2376 1680 paratus,
2392 1640 2473 1671 sicut

1378 1713 1380 1726 1
1406 1682 1568 1712 usurarius
1602 1690 1662 1714 stat
1683 1691 1812 1723 paratus
1842 1685 1881 1714 ad
1913 1693 2056 1715 usuram:
2083 1685 2137 1715 sed
2166 1684 2315 1716 inductus
2345 1685 2406 1716 fuit
2432 1685 2472 1715 ad

1405 1726 1467 1757 hoc
1483 1737 1502 1756 a
1525 1727 1618 1757 Iacob
1635 1726 1773 1758 dicente:
1805 1728 1909 1759 Vende
1933 1729 2011 1759 mihi
2022 1730 2254 1769 primogenita,
2273 1729 2352 1760 Gen.
2368 1739 2428 1759 xxv
2444 1726 2470 1760 *.

284 1947 397 1978 clerico
420 1946 606 1978 auctoritate
628 1947 733 1988 Papae
756 1958 815 1988 pro
840 1951 968 1982 annexis
991 1948 1224 1989 spiritualibus,
1247 1956 1354 1989 potest
1379 1959 1381 1990 1,

283 1992 396 2022 eadem
415 1991 601 2023 auctoritate
624 1991 707 2023 licite
724 1992 790 2022 dari
806 1991 866 2023 sibi
889 1992 950 2033 ipsi
973 1996 1092 2033 Papae:
1120 1993 1196 2034 quia
1219 1993 1287 2033 ipse
1308 2000 1354 2024 est
1379 2017 1380 2035 ,

283 2035 440 2077 cuiusque
455 2042 628 2076 proventus
645 2035 804 2067 Ecclesiae
823 2036 1023 2077 dispensator
1037 2037 1228 2078 principalis.
1245 2038 1355 2069 Potest
1379 2038 1380 2046 ¹

284 2089 359 2120 ergo
382 2080 478 2120 Papa,
501 2080 654 2111 donando
677 2080 808 2111 titulum
832 2081 1041 2122 spiritualem,
1059 2082 1181 2122 exigere
1195 2092 1256 2122 pro
1279 2093 1354 2123 pro·
1379 2093 1380 2112 1

283 2131 381 2156 ventu
414 2131 572 2165 quantum
598 2124 683 2155 valet
710 2132 902 2165 proventus,
927 2128 1010 2159 sicut
1038 2134 1144 2167 potest
1174 2127 1353 2168 praecipere

283 2169 374 2210 quod
399 2169 463 2200 hoc
491 2169 630 2209 pretium
661 2169 752 2200 detur
779 2172 974 2210 permutanti
1002 2172 1027 2203 si
1063 2170 1254 2202 beneficium
1282 2182 1353 2212 per-

284 2220 472 2244 mutaretur.

340 2257 378 2288 11.
402 2258 455 2288 Ad
477 2257 620 2298 primum
649 2257 767 2288 horum
796 2266 901 2299 potest
931 2259 1101 2301 dupliciter
1124 2259 1196 2290 dici.
1227 2259 1352 2298 Primo,

284 2389 462 2421 accessorii.
492 2389 578 2427 Quia
600 2400 672 2429 pars
689 2397 796 2431 potest
817 2392 932 2423 habere
948 2393 1107 2424 rationem
1125 2393 1291 2424 accessorii
1313 2394 1355 2424 ad

282 2440 399 2470 totum,
415 2434 492 2475 quia
505 2434 650 2475 sequitur
664 2441 810 2466 naturam
827 2436 876 2467 sui
891 2437 1004 2468 totius:
1028 2437 1136 2477 ipsum
1152 2447 1227 2468 vero
1247 2444 1353 2469 totum

283 2488 350 2509 non
377 2478 472 2509 habet
501 2478 658 2509 rationem
686 2480 868 2517 accessorii,
892 2482 946 2512 sed
977 2482 1168 2522 principalis.
1200 2482 1292 2512 Unde
1319 2483 1352 2513 in
1378 2491 1380 2501 ’

282 2522 449 2564 proposito
475 2522 590 2553 dicitur
604 2523 693 2564 quod
712 2525 842 2564 quando
865 2533 1038 2567 utrumque
1054 2525 1244 2556 beneficium
1259 2526 1354 2558 habet

282 2577 378 2598 suum
408 2574 617 2607 proventum,
642 2567 809 2600 intervenit
832 2569 875 2600 ibi
899 2577 1078 2601 contractus
1110 2571 1352 2610 permutationis

282 2618 512 2652 proventuum:
537 2618 568 2642 et
587 2611 662 2652 quia
677 2612 710 2642 in
731 2613 836 2653 aliqua
853 2621 941 2654 parte
965 2615 1042 2645 alter
1065 2614 1199 2645 alterum
1223 2615 1351 2652 excedit,

282 2665 339 2696 per
352 2655 438 2686 viam
461 2656 608 2696 sequelae
624 2657 744 2688 accedit
767 2659 856 2698 quod
880 2659 1068 2699 suppleatur
1091 2669 1148 2699 per
1169 2659 1351 2698 pecuniam.

283 2699 346 2730 Sed
360 2699 415 2730 ubi
431 2699 566 2730 alterum
580 2707 706 2731 tantum
722 2702 912 2733 beneficium
928 2703 1023 2734 habet
1042 2711 1225 2743 proventus,
1243 2705 1351 2735 nullus
1376 2713 1378 2740 1

282 2750 389 2784 potest
411 2753 478 2774 esse
500 2743 544 2774 ibi
559 2751 739 2776 contractus
757 2747 1002 2787 permutationis
1025 2755 1254 2799 proventuum,
1270 2759 1352 2790 quo-

283 2882 500 2917 proventuum
515 2877 752 2917 suppletionem
768 2880 922 2919 pecuniae
945 2880 1127 2917 admittunt,
1144 2888 1175 2911 et
1193 2891 1258 2911 non
1274 2891 1350 2911 ven-

283 2921 440 2952 ditionem
462 2922 671 2960 praebendae.

339 2964 487 2996 Secundo
511 2965 624 2996 dicitur
643 2966 743 3006 quod,
758 2966 831 2998 licet
853 2967 1018 2998 inferiores
1040 2967 1176 3008 praelati
1195 2978 1261 2999 non
1276 2979 1350 3009 pos-

284 3009 362 3045 sint,
386 3009 472 3050 Papa
494 3014 601 3040 tamen
629 3017 751 3050 posset,
775 3011 968 3042 cessantibus
992 3011 1171 3048 fraudibus,
1196 3022 1234 3042 ex
1257 3023 1351 3044 causa

284 3052 472 3090 rationabili,
492 3053 526 3083 in
549 3054 836 3094 permutationibus
859 3055 1027 3086 titulorum
1050 3055 1271 3096 spiritualium,
1292 3057 1351 3088 toti
1375 3083 1376 3088 ,

284 3097 454 3138 proventui
478 3097 573 3128 unius
597 3098 769 3129 concedere
784 3099 873 3139 quod
896 3099 1031 3139 pecunia
1054 3100 1259 3139 responderet
1276 3101 1349 3132 loco

285 3147 460 3182 proventus
483 3142 622 3179 alterius,
647 3143 704 3184 qui
727 3142 806 3173 nihil
828 3143 933 3174 habet.
958 3143 1123 3181 Quoniam
1140 3144 1247 3175 solum
1271 3152 1352 3176 tem—

285 3185 419 3226 poralia,
445 3192 481 3216 ut
503 3186 557 3223 sic,
582 3187 829 3223 aestimarentur,
850 3188 888 3218 ab
912 3197 950 3218 eo
975 3188 1030 3228 qui
1053 3188 1103 3219 ius
1127 3198 1250 3220 novum
1273 3200 1350 3220 con-

285 3230 360 3260 dere
378 3236 495 3270 potest.

341 3274 446 3304 Prima
468 3274 634 3315 responsio
657 3281 704 3306 est
729 3275 842 3306 tutior:
867 3285 926 3316 pro
956 3263 1078 3318 quanto
1105 3276 1198 3307 titulo
1222 3277 1350 3309 habenti

285 3362 357 3399 hoc,
374 3373 439 3393 non
463 3369 569 3394 totum
593 3363 761 3403 adaequari
776 3364 870 3395 debet
886 3365 1022 3404 pecunia
1037 3371 1074 3396 ut
1095 3365 1260 3406 principali
1284 3377 1350 3397 cor—

285 3407 506 3447 respondente.
538 3407 613 3437 Non
636 3406 748 3438 abiicio
781 3415 888 3439 tamen
911 3410 1099 3440 secundam:
1129 3417 1261 3460 propter
1283 3411 1349 3451 ple-

285 3450 464 3482 nitudinem
487 3451 652 3492 potestatis
674 3451 813 3492 Papalis,
837 3459 868 3483 et
890 3453 1055 3493 singularis
1077 3454 1154 3484 iuris
1177 3455 1266 3495 quod
1289 3465 1348 3495 po-

285 3500 345 3525 test
368 3502 513 3526 statuere.

342 3534 393 3570 Ill.
423 3540 474 3570 Ad
505 3539 682 3570 secundum
711 3549 787 3571 vero
823 3540 957 3571 dubium
976 3540 1009 3578 ¹⁸,
1037 3542 1127 3582 quod
1156 3541 1271 3573 directe
1303 3550 1349 3574 est

286 3589 394 3614 contra
415 3583 497 3614 hanc
520 3583 772 3624 responsionem,
796 3584 909 3615 dicitur
931 3586 1020 3626 quod
1042 3585 1085 3616 ibi
1109 3592 1156 3617 est
1174 3586 1346 3627 sophisma.

286 3626 450 3663 Quoniam
463 3628 537 3659 licet
551 3627 709 3669 quidquid
724 3628 825 3669 possit
839 3628 905 3659 dari
921 3629 1018 3666 alteri,
1035 3630 1136 3670 possit
1151 3630 1217 3660 dari
1233 3631 1346 3671 Papae,

426 3689 535 3713 Sumam-3
553 3689 654 3714 Timor..
674 3689 704 3713 D.
718 3688 832 3714 Tnoman
850 3689 883 3714 T.
901 3690 943 3715 Vl.

1461 1771 1549 1801 Tum
1565 1771 1641 1812 quia
1663 1772 1749 1802 Esau
1766 1782 1832 1803 non
1848 1773 1979 1803 vexabat
1995 1773 2088 1803 Iacob
2103 1773 2137 1803 in
2160 1773 2227 1803 iure
2243 1773 2473 1813 primogenitu-

1405 1824 1466 1851 rae,
1484 1816 1539 1846 sed
1562 1816 1698 1846 naturali
1721 1816 1789 1847 iure
1812 1817 1891 1848 illud
1905 1817 2089 1857 possidebat
2111 1816 2250 1857 pacifice,
2267 1818 2342 1858 quia
2366 1818 2472 1858 primo

1406 1867 1509 1891 natus.
1533 1862 1582 1891 Ac
1604 1870 1660 1900 per
1674 1860 1760 1898 -hoc‚
1785 1871 1850 1892 non
1873 1861 1984 1893 habuit
2007 1861 2058 1892 hic
2087 1861 2197 1892 locum
2220 1861 2397 1902 redemptio
2420 1872 2472 1892 ve-

1404 1904 1549 1941 xationis,
1566 1914 1649 1945 quae
1664 1904 1697 1935 in
1712 1905 1814 1936 littera
1831 1905 1975 1937 affertur:
1999 1906 2153 1936 redimere
2170 1906 2255 1936 enim
2274 1906 2473 1937 vexationem

1406 1949 1638 1990 praesupponit
1660 1957 1852 1981 vexatorem.
1867 1968 1889 1974 -
1904 1951 1970 1981 Nec
1989 1950 2104 1981 sufficit
2120 1950 2222 1981 dicere
2237 1952 2326 1991 quod
2341 1951 2473 1981 debeba-

1406 2000 1457 2024 tur
1481 1993 1530 2023 ius
1554 1993 1823 2034 primogeniturae
1847 1995 1940 2026 Iacob
1965 2005 2002 2026 ex
2026 1995 2132 2025 divina
2148 1994 2311 2026 electione.
2337 1995 2421 2033 Quia
2437 2005 2473 2025 ex

1405 2038 1467 2068 hoc
1491 2048 1557 2068 non
1587 2039 1731 2079 sequitur
1754 2039 1843 2080 quod
1874 2046 1982 2079 posset
2005 2039 2155 2070 inducere
2185 2039 2313 2070 fratrem
2336 2040 2376 2070 ad
2399 2049 2473 2079 pec-

1406 2082 1561 2113 candum:
1586 2082 1662 2124 quia
1687 2093 1750 2114 non
1773 2089 1849 2114 sunt
1862 2083 2022 2125 facienda
2050 2084 2137 2114 mala
2162 2089 2198 2114 ut
2225 2086 2355 2115 veniant
2377 2083 2471 2121 bona,

1406 2133 1442 2157 ut
1465 2127 1580 2157 dicitur
1607 2128 1650 2158 ad
1672 2127 1763 2158 Rom.
1787 2139 1820 2158 111
1834 2128 1861 2158 *.
1885 2129 1950 2159 Nec
1980 2129 2146 2159 tenebatur
2176 2128 2261 2159 Esau
2294 2128 2473 2159 renuntiare

1405 2171 1466 2202 iuri
1490 2172 1581 2212 quod
1603 2171 1636 2202 in
1659 2171 1911 2212 primogenitura
1934 2173 2078 2203 habebat.

1461 2216 1500 2246 V.
1524 2216 1575 2246 Ad
1599 2216 1661 2246 hoc
1685 2216 1799 2248 dicitur
1821 2217 1910 2258 quod
1934 2217 2010 2268 quia
2032 2218 2120 2248 Deus
2143 2216 2333 2247 revelaverat
2355 2217 2473 2247 Rebec-

1378 2289 1380 2298 ,
1406 2270 1469 2296 cae,
1488 2267 1524 2290 ut
1546 2267 1633 2300 patet
1655 2260 1807 2291 ibidem*
1809 2261 1921 2302 ‚quod
1937 2263 2042 2291 maior
2063 2262 2200 2292 serviret
2222 2262 2360 2299 minori;
2383 2268 2413 2291 et
2427 2271 2473 2290 ra-

283 2302 372 2342 quod
403 2311 469 2332 non
495 2308 542 2332 est
564 2302 676 2332 eadem
706 2301 786 2333 ratio
816 2304 1035 2344 proportionis
1063 2304 1145 2335 inter
1174 2311 1296 2344 partem
1323 2312 1353 2336 et
1378 2327 1380 2334 ,

283 2351 416 2385 partem,
433 2352 464 2376 et
480 2351 586 2376 totum
610 2353 642 2377 et
656 2352 772 2383 totum,
790 2348 899 2388 quoad
921 2348 1078 2380 rationem
1102 2348 1284 2388 principalis
1303 2349 1354 2380 vel
1378 2352 1380 2381 ,’

1404 2304 1557 2335 tionabile
1581 2312 1627 2335 est
1651 2306 1740 2346 quod
1763 2306 1832 2346 ipsa
1856 2306 1966 2336 omnia
1989 2305 2104 2336 dilecto
2129 2305 2187 2335 sibi
2219 2304 2286 2335 filio
2311 2306 2403 2336 Iacob
2428 2315 2474 2335 re-

1405 2349 1570 2379 velaverit:
1597 2359 1796 2390 consequens
1820 2358 1866 2381 est
1889 2357 1925 2380 ut
1947 2350 2052 2386 Iacob,
2070 2357 2172 2380 certus
2196 2349 2234 2380 de
2264 2349 2331 2380 iure
2354 2349 2474 2390 primo-

1406 2393 1579 2433 geniturae,
1601 2394 1692 2435 quod
1715 2401 1797 2425 esset
1819 2405 1915 2425 suum
1939 2404 1977 2425 ex
2000 2394 2106 2425 divina
2133 2394 2296 2431 electione,
2314 2394 2352 2424 ab
2376 2394 2473 2430 Esau,

1405 2444 1558 2478 tanquam
1582 2438 1621 2468 ab
1645 2446 1838 2479 occupatore
1860 2439 1937 2469 iuris
1961 2439 2020 2475 5111,
2048 2439 2199 2469 redimere
2221 2438 2359 2469 voluerit
2382 2448 2474 2469 suam

1408 2482 1617 2518 vexationem,
1633 2483 1689 2514 illo
1713 2490 1858 2523 tempore
1874 2494 1940 2525 quo
1965 2483 2136 2513 commode
2158 2490 2266 2522 posset
2290 2482 2336 2513 uti
2357 2482 2474 2523 iniqui-

1405 2532 1468 2556 tate
1488 2527 1614 2557 alterius
1638 2527 1677 2557 ad
1702 2527 1751 2558 sui
1774 2527 1850 2558 iuris
1875 2527 2146 2558 consecutionem.
2177 2527 2268 2558 Unde
2292 2527 2364 2557 licet
2387 2527 2473 2557 Esau

1406 2571 1580 2610 peccaverit
1602 2570 1652 2613 (ut
1675 2582 1740 2602 non
1765 2572 1873 2602 solum
1896 2572 1997 2603 littera
2021 2571 2108 2607 dicit,
2135 2572 2189 2601 sed
2212 2571 2405 2611 Apostolus,
2430 2571 2474 2602 ad

1377 2642 1379 2648 ,
1405 2614 1488 2645 Heb.
1505 2625 1548 2645 xn
1561 2615 1588 2651 *,
1613 2615 1735 2646 dicens:
1761 2617 1811 2646 Ne
1833 2617 1904 2656 quis
1921 2616 2130 2657 fornicator,
2156 2621 2213 2646 aut
2230 2615 2412 2656 profanus,
2438 2621 2474 2646 ut

1405 2659 1507 2697 Esau,
1524 2661 1580 2700 qui
1596 2665 1732 2700 propter
1755 2670 1853 2691 unam
1876 2670 1979 2691 escam
2001 2660 2139 2691 vendidit
2157 2658 2356 2702 primitiva),
2378 2661 2472 2691 Iacob

1405 2710 1512 2734 tamen
1543 2712 1718 2735 excusatur.
1748 2705 1790 2735 Et
1818 2705 1923 2745 primo
1948 2706 1986 2735 ab
2015 2705 2255 2735 inhumanitate.
2280 2705 2367 2734 Tum
2398 2705 2473 2744 quia

1376 2742 1378 2750 ’
1403 2748 1489 2778 Esau
1513 2758 1580 2778 non
1603 2749 1805 2785 necessitatis,
1821 2750 1876 2780 sed
1900 2749 2117 2780 delectationis
2143 2759 2236 2779 causa
2259 2756 2367 2779 motus
2390 2749 2473 2779 vide-

283 2787 371 2818 niam
389 2788 479 2828 quod
502 2798 568 2818 non
592 2795 639 2819 est
662 2799 728 2820 non
751 2798 966 2831 permutatur:
991 2799 1022 2823 et
1044 2792 1088 2823 sic
1113 2803 1180 2823 non
1204 2800 1285 2824 esset
1307 2793 1350 2824 ibi
1376 2811 1377 2815 =

283 2831 490 2872 permutatio,
515 2832 571 2862 sed
593 2833 745 2864 venditio.
775 2835 847 2866 Iura
870 2842 978 2866 autem
1000 2836 1033 2866 in
1063 2837 1351 2877 permutationibus
1375 2862 1377 2864 .

1404 2798 1464 2823 tur.
1481 2810 1502 2815 —
1518 2793 1607 2823 Tum
1631 2793 1705 2834 quia
1721 2793 1884 2833 prudentis
1907 2793 1965 2823 viri
1989 2800 2035 2823 est
2057 2803 2169 2832 negare
2193 2792 2312 2833 aliquid
2336 2803 2471 2833 occupa-

1404 2836 1465 2866 tori
1488 2836 1565 2866 iuris
1589 2837 1657 2873 sui,
1686 2837 1816 2877 quando
1840 2845 1943 2877 sperat
1965 2848 2002 2867 ex
2025 2837 2210 2867 huiusmodi
2234 2836 2400 2876 negatione
2424 2847 2471 2867 re-

1405 2880 1518 2910 habere
1542 2881 1630 2921 quod
1654 2891 1749 2911 suum
1774 2888 1830 2911 est.

1460 2924 1623 2961 Secundo,
1649 2932 1815 2955 excusatur
1844 2926 1882 2955 ab
1912 2924 2097 2955 inductione
2129 2925 2168 2954 ad
2198 2931 2379 2965 peccatum:
2404 2934 2470 2955 non

1404 2968 1511 2998 minus
1543 2979 1642 3009 quam
1674 2968 1809 2999 offerens
1833 2969 2002 3009 pecuniam
2032 2969 2217 3008 occupatori
2247 2969 2297 3000 sui
2327 2968 2470 2999 beneficii

1404 3012 1615 3044 ecclesiastici.
1638 3014 1714 3044 Non
1728 3020 1775 3044 est
1790 3013 1876 3044 enim
1891 3013 1953 3044 hoc
1975 3013 2125 3043 inducere
2144 3013 2184 3043 ad
2206 3020 2390 3053 peccatum:
2415 3014 2470 3043 sed

1403 3066 1469 3086 non
1501 3057 1607 3087 solum
1637 3064 1765 3097 parato,
1788 3067 1901 3088 verum
1935 3057 2096 3088 actualiter
2126 3057 2267 3098 peccanti
2298 3057 2469 3088 detinendo

1403 3101 1516 3137 maius,
1543 3101 1654 3132 offerre
1677 3101 1932 3142 redemptionem
1956 3102 2133 3132 secundum
2155 3101 2333 3138 veritatem;
2358 3111 2471 3143 quarn-

1402 3144 1449 3175 vis
1473 3146 1650 3176 secundum
1673 3146 1810 3176 modum
1823 3146 1988 3186 loquendi,
2005 3153 2035 3176 et
2058 3146 2235 3176 secundum
2258 3146 2469 3177 intentionem

1403 3189 1541 3226 alterius,
1558 3190 1598 3220 sit
1620 3190 1718 3221 aliud.
1741 3190 1834 3221 Unde
1858 3190 1965 3220 dicens
1988 3190 2092 3226 Iacob,
2127 3190 2231 3221 Vende
2253 3191 2330 3221 mihi
2346 3192 2468 3231 primo-

1401 3235 1525 3274 genita,
1541 3244 1652 3264 sensus
1676 3241 1757 3265 erat:
1781 3235 1835 3265 Da
1858 3235 1936 3265 mihi
1959 3236 2199 3276 primogenita,
2224 3245 2307 3275 quae
2330 3236 2362 3265 in
2387 3236 2467 3265 veri-

1374 3307 1375 3310 ,
1401 3283 1468 3308 tate
1489 3284 1566 3309 sunt
1588 3288 1669 3309 mea.
1694 3278 1749 3309 Ex
1770 3289 1832 3320 quo
1856 3288 1920 3309 non
1945 3280 1992 3310 vis
2006 3280 2113 3320 gratis
2135 3279 2226 3316 dare,
2244 3279 2346 3319 offero
2362 3289 2466 3319 pran-

284 3325 487 3358 proventum,
512 3318 632 3360 aliquid
655 3318 727 3360 ipso
742 3319 810 3351 iure
833 3328 1049 3360 proventuum
1065 3321 1210 3358 debetur;
1234 3332 1270 3352 ac
1294 3332 1350 3363 per
1374 3319 1375 3324 ’

1374 3367 1375 3387 ³
1402 3366 1528 3406 ptiones
1558 3367 1772 3398 vexationum.
1797 3367 2005 3398 Inveniuntur
2033 3377 2171 3407 namque
2195 3367 2227 3397 in
2250 3367 2391 3407 qualibet
2420 3377 2467 3397 re-

1402 3322 1500 3358 d1'um,
1518 3329 1576 3353 etc.
1608 3323 1642 3353 In
1666 3323 1728 3354 hoc
1751 3323 1837 3353 enim
1860 3333 1954 3354 sensu
1978 3323 2197 3363 intelliguntur
2219 3333 2331 3353 omnes
2347 3323 2467 3353 redem-

1402 3411 1587 3451 demptione
1618 3412 1702 3442 duo:
1727 3412 1862 3442 alterum
1885 3412 2024 3447 licitum,
2048 3411 2137 3452 quod
2164 3411 2241 3451 petit
2264 3412 2464 3452 redemptor,

1402 3462 1480 3495 puta
1503 3455 1569 3486 dari
1588 3455 1647 3486 sibi
1669 3456 1777 3492 vitam,
1793 3456 1978 3491 libertatem,
1995 3456 2053 3492 ius,
2071 3454 2270 3492 beneficium,
2292 3462 2366 3492 etc.;
2390 3456 2466 3486 alte-

1402 3509 1475 3529 rum
1506 3499 1674 3540 iniquum,
1705 3500 1794 3541 quod
1831 3510 1896 3530 non
1928 3500 2022 3540 petit,
2055 3500 2110 3530 sed
2138 3500 2255 3540 patitur
2284 3500 2467 3540 redemptor

1402 3541 1562 3585 (quamvis
1585 3554 1642 3584 per
1657 3545 1793 3575 modum
1812 3544 1945 3584 petentis
1969 3554 2002 3574 se
2017 3544 2141 3580 habeat,
2158 3543 2233 3584 quia
2256 3543 2346 3575 offert
2368 3552 2465 3575 mate-

1401 3587 1480 3618 riam
1502 3587 1588 3618 illius
1606 3588 1780 3629 iniquitatis
1803 3595 1912 3629 parato
1932 3588 1971 3618 ad
1994 3588 2193 3629 iniquitatem
2215 3588 2312 3625 illam,
2329 3589 2379 3620 vel
2402 3599 2466 3619 ma-

1397 3631 1509 3668 iorem,
1534 3632 1584 3662 vel
1608 3632 1688 3663 forte
1721 3642 1786 3662 non
1819 3632 2000 3674 minorem),
2025 3640 2060 3663 ut
2091 3632 2232 3672 acceptio
2264 3633 2366 3673 pretii.
2389 3633 2464 3663 Non

2288 3694 2322 3726 46

2498 1468 2508 1478 ⁸
2522 1468 2547 1489 In
2564 1474 2626 1496 resp.
2647 1468 2673 1489 ad
2688 1475 2709 1497 3.

2498 1727 2507 1737 ⁸
2522 1726 2590 1748 Vers.
2604 1733 2635 1755 3¹·

2499 2132 2509 2142 ⁸
2524 2132 2591 2154 Vers.
2607 2133 2629 2154 8.

2500 2262 2579 2285 ‘Gen⁹
2591 2269 2641 2291 cap.
2655 2270 2709 2291 xxv,

2501 2296 2561 2311 vers.
2575 2295 2609 2319 23.

2498 2617 2508 2627 ⁸
2525 2616 2591 2638 Vers.
2606 2616 2639 2638 16.
