2860 4244
229 353 237 362 ·
254 353 302 373 Art.
321 358 348 379 7,
367 352 439 375 Com-

230 382 300 399 ment.
318 384 341 400 n.
359 384 393 405 ιιι,
408 386 439 402 vr.

228 2295 239 2306 ⁵
253 2294 309 2321 Cap.
331 2294 366 2316 De
379 2295 437 2316 illis.

228 3316 237 3325 ⁸
254 3315 319 3337 Vers.
333 3322 355 3343 9,
372 3322 402 3337 10.

471 234 544 269 262

468 317 535 341 ctor
557 311 792 352 interpretatur;
817 310 880 340 sive
903 309 957 340 fiat
980 310 1046 340 sine
1069 308 1286 339 benedictione
1309 315 1339 338 et
1363 317 1523 338 consecra-

468 354 572 391 tione,
597 362 632 386 ut
654 355 919 395 praedeclaratum
943 360 988 384 est
1003 353 1029 383 *.
1063 353 1104 383 Et
1126 362 1163 382 ex
1186 352 1247 382 hoc
1271 352 1412 392 sequitur
1434 353 1523 393 quod

468 405 538 429 ante
557 398 675 429 factum
699 398 834 429 Ecclesia
856 398 949 427 habet
971 396 1124 427 maiorem
1148 402 1335 435 potestatem
1358 406 1452 436 supra
1467 406 1524 426 vo-

468 449 537 472 tum
560 443 701 472 solemne
728 451 825 482 quam
848 450 942 480 supra
966 440 1115 480 simplex:
1146 439 1301 480 quoniam
1327 446 1442 470 statuta
1464 441 1524 470 Ec-

468 486 578 516 clesiae
605 493 678 516 sunt
707 486 739 515 in
764 485 830 515 eius
857 490 1026 524 potestate;
1060 484 1258 523 singulorum
1289 490 1396 514 autem
1426 482 1523 515 animi

467 529 627 559 interiores
655 536 771 564 motus,
789 528 821 558 in
844 527 960 568 quibus
980 526 1138 567 perficitur
1160 534 1273 559 votum
1295 527 1440 568 simplex,
1458 538 1523 558 non

466 573 507 603 ita
531 573 664 603 subsunt
686 572 853 607 Ecclesiae,
879 579 913 602 ut
936 578 1030 611 patet.

520 617 560 647 Et
583 627 620 647 ex
642 616 700 646 hac
724 615 893 646 differentia
916 616 1058 656 sequitur
1073 616 1214 646 secundo
1231 616 1418 652 notandum,
1436 616 1524 657 quod

465 660 580 690 scilicet
603 659 741 690 Ecclesia
764 666 882 699 potest,
907 666 978 689 ante
1001 659 1133 695 factum,
1158 666 1271 690 votum
1293 660 1436 691 solemne
1459 660 1525 690 irri-
1549 662 1551 674 ¹

465 712 533 734 tum
557 703 655 734 facere
679 703 704 733 si
728 703 796 734 fiat:
823 710 857 733 ut
876 710 961 743 patet
984 712 1020 733 ex
1038 703 1139 734 littera
1163 704 1284 734 dicente
1307 705 1406 745 quod,
1423 714 1524 745 quan·
1549 707 1551 731 ’ἶ

465 753 667 788 tumcumque
681 747 799 788 aliquis
819 748 860 777 sit
883 747 948 785 doli
963 756 1079 787 capax,
1096 756 1160 778 non
1178 753 1283 788 potest
1298 748 1438 790 obligari
1454 754 1524 779 voto

463 792 598 821 solemni
614 791 790 832 religionis,
803 796 938 831 propter
949 791 1113 822 Ecclesiae
1126 796 1291 823 statutum.
1309 793 1432 823 Ex‘hoc
1449 803 1523 832 ergo

464 836 552 875 quod
575 835 712 865 Ecclesia
736 836 779 866 sic
802 835 918 871 statuit,
943 835 1097 866 inhabiles
1116 842 1191 866 sunt
1208 836 1388 877 impuberes
1408 836 1448 866 ad
1469 846 1525 867 vo-

464 886 532 909 tum
548 880 689 910 solemne
704 879 873 919 religionis.
898 879 939 910 Et
957 879 1032 920 quia
1050 880 1123 919 plus
1139 886 1186 910 est
1200 880 1397 911 inhabilitate
1413 890 1525 911 omnes
1550 873 1552 882 '

464 923 648 953 huiusmodi
664 924 844 964 impuberes
861 933 958 963 quam
974 923 1171 955 inhabilitare
1190 924 1331 966 aliquem
1346 935 1448 955 unum
1465 935 1524 965 pu-

465 968 579 1004 berem,
599 967 681 1004 ideo,
698 968 778 998 sicut
801 974 905 1008 potest
927 967 1092 1008 prohibere
1116 978 1228 999 omnes
1250 968 1431 1009 impuberes
1459 970 1526 1000 doli

464 1021 591 1051 capaces
607 1010 677 1054 (qui
693 1012 870 1043 secundum
884 1018 1012 1042 naturae
1028 1012 1077 1042 ius
1100 1011 1242 1055 possent)
1260 1013 1441 1044 solemniter
1453 1023 1526 1053 pro-

463 1055 558 1092 fiteri,
582 1055 625 1086 ita
649 1063 753 1096 potest
775 1056 941 1097 prohibere
965 1066 1006 1086 ne
1028 1056 1155 1097 aliquis,
1178 1064 1256 1097 puta
1278 1058 1404 1093 Petrus,
1429 1057 1525 1097 profi·
1550 1074 1552 1087 ι

464 1107 575 1138 teatur,
595 1100 718 1131 irritum
733 1107 764 1131 et
778 1101 871 1131 inane
895 1101 1092 1131 decernendo
1116 1100 1142 1130 si
1165 1111 1254 1132 secus
1277 1101 1397 1132 factum
1420 1101 1523 1133 fuerit.

463 1145 504 1175 Et
531 1144 609 1176 ratio
633 1145 697 1175 iam
720 1145 802 1175 dicta
832 1151 878 1175 est
901 1144 1055 1185 superius.
1084 1162 1098 1167 -
1122 1144 1163 1175 Et
1185 1145 1265 1176 bene
1288 1146 1413 1175 adverte
1436 1146 1525 1186 quod

465 1199 530 1218 non
553 1188 716 1229 loquimur
739 1189 778 1219 de
801 1198 1007 1229 quocumque
1023 1195 1099 1219 voto
1117 1188 1263 1224 solemni,
1288 1189 1342 1219 sed
1365 1188 1525 1229 religionis

463 1240 597 1264 tanturn.
622 1233 705 1263 Nam
729 1243 818 1263 secus
842 1240 887 1263 est
911 1233 949 1262 de
967 1239 1044 1263 voto
1061 1232 1197 1262 solemni
1214 1232 1439 1263 continentiae:
1463 1233 1524 1263 tale

465 1287 602 1318 namque
624 1285 754 1313 votum,
783 1277 809 1306 si
838 1276 985 1317 impubes
1015 1283 1061 1307 est
1091 1276 1155 1306 doli
1184 1286 1296 1316 capax,
1321 1276 1524 1316 suscipiendo

464 1331 588 1351 sacrum
612 1321 756 1352 ordinem
780 1320 903 1352 emittit.

519 1365 627 1396 Tertio
651 1365 830 1395 notandum
853 1371 899 1395 est
921 1364 1010 1405 quod
1033 1366 1155 1394 Auctor
1177 1370 1224 1395 est
1247 1364 1329 1394 male
1348 1364 1524 1396 intellectus

464 1409 495 1439 in
512 1409 573 1439 illis
589 1409 704 1439 verbis:
729 1409 764 1439 Si
780 1419 854 1439 vero
877 1414 952 1439 ante
969 1408 1150 1448 pubertatis
1165 1418 1268 1440 annos
1283 1410 1414 1450 attingit
1430 1419 1522 1440 usum

463 1454 608 1489 rationis,
627 1458 746 1494 potest,
770 1458 924 1494 quantum
949 1453 981 1483 in
1006 1453 1073 1493 ipso
1096 1457 1161 1490 est,
1184 1462 1219 1483 se
1242 1452 1396 1494 obligare.
1428 1453 1523 1484 Inter—

464 1497 574 1537 pretati
597 1507 735 1538 namque
759 1504 833 1528 sunt
855 1497 944 1538 quod
968 1497 1006 1527 de
1022 1496 1112 1527 omni
1126 1503 1214 1533 voto,
1239 1496 1333 1527 etiam
1353 1496 1523 1537 religionis,
1549 1504 1551 1518 ³

464 1543 622 1582 loquatur,
647 1548 678 1572 et
699 1541 942 1582 impugnarunt:
968 1551 1042 1572 cum
1065 1547 1171 1571 tamen
1195 1540 1275 1571 clare
1290 1548 1413 1572 constet
1435 1542 1524 1582 quod

463 1586 605 1627 loquitur
628 1587 666 1616 de
682 1593 759 1617 voto
775 1586 921 1616 distincto
945 1591 1053 1622 contra
1068 1591 1180 1616 votum
1196 1584 1366 1625 religionis,
1385 1592 1422 1616 ut
1440 1593 1525 1626 patet

464 1640 519 1670 per
534 1630 706 1671 sequentia,
723 1629 855 1661 scilicet:
883 1630 1183 1670 Quantumcumque
1198 1635 1305 1660 autem
1327 1631 1370 1660 sit
1391 1630 1458 1660 doli
1471 1639 1524 1660 ca·
1549 1653 1551 1656 .

458 1685 545 1715 pax,
569 1679 644 1705 ante
673 1684 776 1705 annos
798 1674 978 1714 pubertatis
1005 1683 1068 1704 non
1093 1678 1199 1713 potest
1228 1683 1263 1704 se
1285 1674 1431 1716 obligare
1453 1679 1524 1706 voto

464 1719 598 1750 solemni
613 1719 789 1759 religionis.
815 1718 856 1748 Et
878 1718 957 1748 scito
974 1718 1062 1758 quod
1078 1725 1190 1748 votum
1208 1718 1350 1748 solemne
1365 1718 1524 1758 religionis

465 1763 552 1804 quod
577 1773 641 1793 non
658 1763 739 1793 valet
762 1772 821 1802 pro
838 1762 970 1792 solemni
996 1768 1125 1802 propter
1148 1761 1306 1792 defectum
1323 1762 1440 1798 aetatis,
1458 1772 1522 1792 non

459 1814 604 1838 remanet
626 1807 743 1837 habens
762 1807 828 1836 vim
846 1806 912 1837 voti
928 1805 1087 1846 simplicis,
1105 1805 1280 1836 declarante
1296 1816 1351 1836 seu
1369 1813 1523 1837 statuente

464 1852 525 1882 hoc
548 1851 696 1890 Ecclesia,
713 1851 816 1887 Extra,
831 1851 870 1881 de
891 1851 1061 1891 Regulam,
1079 1859 1146 1890 cap.
1163 1849 1198 1880 Is
1213 1851 1278 1890 qui,
1295 1850 1328 1880 in
1348 1850 1451 1886 Sexto,
1469 1850 1524 1882 ubi
1550 1878 1552 1883 ,

465 1897 577 1927 dicitur
606 1896 694 1936 quod
718 1894 878 1935 professus
901 1901 972 1925 ante
996 1894 1193 1934 completum
1217 1904 1337 1924 annum
1361 1901 1523 1937 quartum-

464 1941 623 1971 decimum
648 1946 752 1979 potest
773 1939 868 1969 libere
893 1938 992 1969 redire
1008 1938 1047 1968 ad
1070 1938 1243 1968 saeculum.
1268 1938 1365 1975 Quod
1390 1948 1456 1968 non
1479 1939 1524 1969 di·
1550 1949 1552 1962 ὲ

465 1992 546 2015 ceret
568 1984 706 2014 Ecclesia
731 1983 755 2013 si
779 1983 861 2019 talis,
887 1989 1043 2023 quantum
1066 1982 1098 2012 in
1121 1981 1192 2022 ipso
1217 1988 1279 2018 est,
1303 1989 1462 2013 teneretur
1485 1983 1524 2012 ad

465 2028 648 2068 religionem
673 2034 727 2058 aut
751 2026 987 2057 continentiam.

519 2073 556 2102 II.
582 2071 727 2103 Occurrit
740 2078 856 2107 autem,
882 2071 996 2111 primo,
1022 2069 1155 2100 dubium
1173 2070 1253 2100 circa
1271 2070 1366 2100 illud:
1390 2071 1459 2101 Nec
1476 2076 1523 2101 ta-

464 2126 535 2146 men
554 2121 689 2156 propter
701 2116 770 2152 hoc,
795 2115 911 2146 scilicet
933 2115 1022 2155 quod
1044 2114 1225 2154 impuberes
1246 2121 1321 2145 sunt
1343 2115 1410 2145 doli
1434 2125 1524 2155 capa-

452 2170 525 2197 ces,
549 2162 581 2190 in
601 2161 709 2201 aliquo
725 2161 913 2190 eximuntur
935 2169 955 2189 a
978 2168 1059 2189 cura
1075 2164 1262 2199 parentum.
1286 2159 1419 2190 Videtur
1435 2169 1524 2190 nam-

465 2215 528 2245 que
555 2205 645 2245 quod
667 2204 728 2234 hoc
752 2204 791 2234 sit
818 2203 943 2234 falsum.
977 2203 1140 2240 Quoniam
1163 2202 1326 2243 impubes,
1349 2204 1379 2234 si
1401 2204 1524 2235 malitia

464 2250 588 2290 supplet
610 2253 763 2285 aetatem,
795 2255 899 2288 potest
926 2247 1108 2277 contrahere
1131 2257 1242 2277 verum
1265 2247 1523 2285 matrimonium,

466 2301 500 2324 ut
524 2300 607 2333 patet
630 2293 733 2329 Extra,
757 2292 795 2323 de
810 2292 965 2332 Despons.
982 2291 1106 2331 Impub.
1122 2290 1140 2310 *
1162 2291 1203 2321 Et
1226 2291 1251 2321 si
1273 2298 1379 2331 potest
1401 2299 1524 2323 contra-

465 2338 555 2374 here,
580 2347 615 2368 ac
642 2346 697 2377 per
720 2337 782 2366 hoc
810 2337 883 2366 dare
906 2342 1094 2376 potestatem
1118 2335 1167 2365 sui
1191 2335 1332 2376 corporis
1355 2336 1442 2366 alteri
1465 2337 1524 2367 ho-

466 2381 543 2412 mini
562 2381 666 2411 invitis
685 2380 875 2420 parentibus,
900 2390 973 2420 ergo
990 2387 1061 2410 ante
1076 2389 1176 2410 annos
1192 2379 1363 2420 pubertatis
1379 2380 1525 2412 eximitur

465 2436 483 2456 a
506 2432 659 2466 potestate
678 2431 854 2465 parentum.
881 2424 981 2455 Cuius
998 2424 1184 2464 oppositum
1201 2424 1314 2454 dicitur
1328 2424 1361 2454 in
1375 2425 1486 2456 littera.
1502 2443 1523 2449 -

465 2470 505 2500 Et
528 2480 649 2505 rursus,
674 2469 698 2499 si
722 2476 826 2508 potest
850 2479 965 2508 corpus
994 2478 1089 2498 suum
1119 2468 1191 2498 dare
1214 2468 1319 2499 invitis
1342 2469 1524 2508 parentibus

465 2514 604 2550 homini,
630 2523 703 2553 ergo
727 2514 813 2544 Deo:
848 2523 921 2543 curn
945 2522 1010 2542 non
1039 2512 1148 2542 debeat
1172 2520 1238 2542 esse
1262 2513 1361 2552 magis
1384 2513 1462 2544 liber
1484 2514 1523 2544 ad

466 2559 606 2589 dandum
631 2557 715 2588 alteri
739 2556 872 2593 homini,
893 2557 918 2587 si
941 2557 1022 2587 iusta
1047 2563 1092 2587 est
1115 2556 1319 2587 ecclesiastica
1342 2557 1401 2593 lex,
1426 2567 1523 2598 quam

465 2602 544 2633 Deo.
569 2621 587 2625 —
611 2602 651 2632 Et
675 2601 887 2631 confirmatur.
913 2601 996 2638 Quia
1019 2600 1158 2631 Ecclesia
1176 2601 1299 2631 videtur
1323 2601 1384 2631 hoc
1408 2611 1523 2641 appro-

465 2647 550 2676 bare:
575 2653 610 2676 ut
634 2653 719 2685 patet
741 2646 809 2681 XX,
834 2655 889 2686 qu.
905 2655 924 2681 1,
949 2655 1016 2685 cap.
1031 2645 1154 2682 Firma,
1180 2645 1234 2676 ubi
1258 2644 1412 2685 professio
1431 2646 1523 2686 virgi-

466 2690 568 2721 nitatis
593 2697 622 2720 et
647 2690 773 2729 nuptiae
797 2690 1039 2730 aequiparantur
1062 2689 1168 2730 quoad
1192 2696 1328 2729 tempus.

520 2735 569 2765 Ad
592 2734 652 2764 hoc
676 2734 798 2769 dicitur,
824 2734 937 2774 primo,
962 2733 1049 2774 quod
1073 2734 1157 2764 aliud
1174 2741 1219 2764 est
1242 2733 1441 2773 impuberem
1457 2743 1522 2764 esse

1088 231 1352 278 QUAESTIO
1383 231 1629 278 Lxxxvm,
1658 232 1953 269 ARTICULUS
1982 232 2017 268 x

1576 309 1642 339 doli
1666 318 1829 349 capacem:
1862 317 1892 341 et
1914 310 2000 340 aliud
2024 319 2099 340 eum
2121 319 2189 339 esse
2215 309 2312 340 talem
2335 315 2370 340 ut
2398 308 2519 340 malitia
2540 309 2573 340 in
2597 319 2635 341 eo

1575 353 1722 393 suppleat
1745 361 1879 384 aetatem
1902 360 2045 393 respectu
2068 353 2273 384 matrimonii.
2305 352 2469 390 Quoniam
2493 353 2635 393 primum

1575 397 1726 436 importat
1744 397 1842 428 solius
1857 398 1980 428 animae
1999 397 2249 437 dispositionem,
2274 396 2363 437 quod
2386 396 2502 428 scilicet
2524 397 2637 428 habeat

1577 451 1672 471 usum
1695 441 1824 472 rationis
1845 442 1991 472 liberum.
2017 441 2198 471 Secundum
2214 447 2321 471 autem
2340 440 2491 480 importat
2513 439 2635 472 animae

1575 492 1606 516 et
1621 485 1763 524 corporis
1777 485 1873 516 simul
1885 485 2147 525 dispositionem:
2165 484 2320 526 quoniam
2335 491 2411 515 tunc
2425 484 2545 515 malitia
2559 485 2636 516 dici·

1576 536 1628 559 tur
1645 529 1677 558 in
1697 530 1862 569 proposito
1879 529 2025 569 supplere
2041 535 2174 559 aetatem
2193 529 2322 570 quando
2347 535 2377 558 et
2395 537 2492 559 usum
2507 528 2636 559 rationis

1577 573 1670 603 habet
1693 580 1723 603 et
1746 583 1861 613 corpus
1885 580 1998 613 potens
2022 573 2061 603 ad
2084 573 2308 613 generandum.
2335 571 2503 613 Alioquin,
2518 572 2636 603 malitia

1577 627 1642 647 non
1666 617 1827 658 suppleret
1849 624 1982 648 aetatem
2006 617 2171 648 facientem
2194 627 2309 657 corpus
2340 623 2454 656 potens
2477 617 2516 646 ad
2539 625 2635 656 gene-

1576 661 1726 692 randum:
1752 671 1810 691 nec
1831 668 1940 702 posset
1963 671 2077 701 corpus
2094 671 2189 692 suum
2213 661 2312 691 facere
2328 660 2464 696 alterius,
2489 660 2527 690 de
2551 669 2637 700 prae-

1577 705 1666 741 senti,
1683 705 1722 735 ad
1745 705 1954 745 generationis
1978 712 2093 742 actum,
2118 706 2207 746 quod
2230 705 2304 735 facit
2326 704 2513 735 contrahens
2529 703 2636 734 matri-

1578 749 1724 780 monium
1741 750 1779 780 de
1802 748 1957 789 praesenti
1977 748 2120 790 (propter
2136 749 2224 790 quod
2252 748 2366 779 dicitur
2389 748 2428 779 de
2437 745 2635 790 praesenti);

1577 794 1664 824 aliter
1688 793 1959 833 essetpromissio
1984 793 2125 833 corporis
2148 793 2256 833 potius
2278 802 2376 834 quam
2400 792 2542 823 donatio.
2567 795 2634 822 Au-

1579 845 1647 868 ctor
1669 844 1776 868 autem
1799 847 1865 868 non
1894 836 2036 877 loquitur
2057 836 2108 867 hic
2130 837 2163 867 in
2196 846 2271 867 casu
2298 846 2365 877 quo
2389 846 2408 867 a
2429 836 2498 866 iure
2521 835 2635 867 dicitur

1578 882 1666 923 quod
1690 881 1808 912 malitia
1839 881 1966 921 supplet
1988 886 2121 911 aetatem
2145 887 2217 911 ante
2246 889 2347 910 annos
2375 880 2556 911 communis
2579 890 2637 920 pu-

1578 926 1720 957 bertatis:
1746 926 1800 956 sed
1823 925 1856 956 in
1880 934 1952 955 casu
1981 934 2047 966 quo
2071 932 2117 955 est
2141 924 2207 954 doli
2231 933 2342 965 capax,
2364 931 2395 955 et
2417 924 2536 965 malitia
2560 934 2597 954 su
2623 942 2635 947 -

1577 971 1663 1012 plere
1687 970 1840 1001 diceretur
1863 976 1996 1000 aetatem
2019 968 2126 1009 quoad
2150 975 2256 999 actum
2278 966 2460 999 interiorem
2485 967 2563 1000 voti.
2624 975 2637 998 t

1577 1015 1650 1045 ideo
1674 1013 1810 1045 obiectio
1833 1023 1899 1044 non
1922 1019 1969 1043 est
1991 1018 2099 1043 contra
2121 1014 2322 1043 Auctorem.'
2579 1018 2589 1023 ·

1634 1058 1695 1089 Sed
1725 1057 1802 1099 quid
1831 1057 2001 1088 dicendum
2034 1063 2081 1088 est
2110 1056 2149 1086 ad
2177 1056 2388 1088 obiectionem
2416 1055 2634 1098 subjunctam,

1578 1102 1694 1133 scilicet
1717 1102 1806 1143 quod
1828 1108 1900 1132 ante
1923 1111 2024 1133 annos
2047 1100 2229 1141 pubertatis,
2245 1100 2272 1131 si
2294 1099 2414 1131 malitia
2431 1104 2497 1140 ,sup
2520 1098 2636 1141 let'ae-

1577 1153 1684 1184 tatem,
1701 1153 1805 1187 potest
1819 1146 1889 1187 quis
1913 1155 2028 1186 corpus
2051 1155 2147 1176 suum
2162 1143 2267 1175 invitis
2290 1139 2478 1185 parentib'us
2531 1144 2564 1179 re
2578 1142 2636 1180 ho-

1578 1190 1667 1227 mini,
1683 1200 1758 1230 ergo
1781 1187 1869 1220 Deo?
1890 1207 1911 1213 —
1934 1189 2114 1220 Dicendum
2138 1195 2184 1219 est
2206 1189 2295 1230 quod
2319 1197 2393 1219 cum
2407 1188 2468 1218 ista
2490 1197 2527 1219 ex
2550 1187 2635 1228 posi-

1577 1234 1642 1265 tivo
1666 1234 1733 1264 iure
1756 1234 1927 1274 pendeant,
1952 1240 2079 1273 oportet
2100 1243 2207 1263 veram
2230 1232 2407 1263 doctrinam
2428 1230 2488 1262 iuri
2512 1230 2637 1262 confor—

1577 1278 1672 1308 mari:
1698 1284 1729 1308 et
1751 1278 1853 1308 dicere
1867 1277 1956 1318 quod
1979 1277 2090 1319 utique
2111 1286 2224 1307 verum
2240 1283 2286 1307 est
2307 1277 2407 1317 quod,
2423 1276 2554 1317 quando
2571 1285 2636 1306 ma-

1576 1322 1643 1352 litia
1665 1322 1793 1362 supplet
1815 1328 1958 1357 aetatem,
1979 1321 2081 1352 immo
2105 1321 2201 1352 etiam
2222 1327 2305 1357 ante,
2327 1321 2353 1352 si
2375 1321 2416 1352 sit
2438 1320 2504 1352 doli
2528 1329 2634 1360 capax,

1577 1373 1682 1407 potest
1704 1376 1784 1406 puer
1805 1365 1879 1396 dare
1902 1375 2018 1406 corpus
2036 1372 2101 1396 tam
2125 1365 2194 1395 Deo
2217 1374 2316 1406 quam
2338 1364 2476 1401 homini;
2499 1365 2554 1396 sed
2570 1374 2637 1400 non

1577 1417 1682 1451 potest
1698 1410 1769 1440 dare
1793 1410 1846 1440 tali
1870 1410 1979 1446 modo,
1996 1409 2112 1444 scilicet
2134 1418 2190 1449 per
2212 1408 2354 1439 solemne
2376 1415 2491 1439 votum
2513 1417 2546 1439 re
2559 1407 2566 1415 ‘
2589 1402 2637 1441 'o-

1577 1455 1635 1491 nis,
1651 1454 1791 1485 Ecclesia
1807 1454 1850 1484 sic
1873 1460 2038 1484 statuente.
2064 1453 2149 1484 Cum
2164 1462 2230 1494 quo
2254 1459 2315 1484 stat
2330 1453 2419 1494 quod
2433 1451 2536 1494 possit
2593 1442 2637 1483 ad

1577 1499 1668 1529 dare:
1692 1498 1767 1539 quia
1789 1504 1894 1538 potest
1916 1497 1979 1528 alio
2007 1498 2106 1528 modo
2130 1497 2210 1528 illud
2233 1497 2306 1527 dare
2328 1496 2415 1533 Deo,
2435 1496 2559 1527 *scilicet
2580 1506 2636 1538 per

1576 1550 1689 1573 votum
1713 1543 1855 1572 solemne
1879 1541 2090 1572 continentiae
2112 1541 2315 1581 suscipiendo
2333 1540 2479 1571 ordinem
2501 1538 2636 1571 saman.

1577 1587 1662 1625 Quia
1676 1586 1816 1617 Ecclesia
1832 1593 1972 1626 acceptat
1985 1586 2046 1617 tale
2058 1593 2187 1616 votum:
2203 1585 2305 1616 immo
2320 1585 2430 1619 statuit
2445 1584 2508 1618 tale
2522 1588 2635 1621 voum

1578 1641 1644 1662 esse
1667 1631 1810 1661 solemne
1826 1631 1921 1661 etiam
1943 1630 1976 1661 in
1999 1630 2053 1661 tali
2076 1639 2177 1671 puero
2193 1629 2260 1660 doli
2283 1639 2407 1671 capace.
2431 1629 2638 1679 Qu⁰dffiffl

1577 1686 1614 1706 ex
1637 1685 1675 1706 eo
1699 1675 1788 1716 quod
1811 1674 1950 1706 Ecclesia
1965 1674 2059 1714 exigit
2081 1684 2100 1705 a
2122 1673 2176 1704 tali
2191 1673 2285 1714 quod¹
2304 1683 2336 1704 se
2352 1673 2385 1704 in
2408 1683 2496 1705 sacro
2513 1668 2638 1749 ord-iffi

1577 1729 1675 1761 quem
1697 1725 1810 1759 sponte
1834 1719 1984 1759 suscepit,
2007 1724 2228 1758 recognoscat:
2254 1724 2284 1748 et
2311 1723 2434 1748 constat
2456 1717 2546 1758 quod
2567 1726 2588 1748 v

1577 1763 1679 1793 ordini
1703 1772 1791 1793 sacro
1807 1761 2051 1802 inseparabiliter
2074 1771 2231 1793 annexum
2249 1771 2315 1792 esse
2337 1768 2450 1792 votum
2474 1759 2638 1792 continen-

1549 1808 1551 1810 '
1578 1807 1648 1843 tiae,
1671 1807 1703 1836 in
1720 1806 1859 1836 Ecclesia
1882 1806 2067 1837 occidentali
2082 1806 2109 1836 ¹⁸⁸.
2126 1824 2147 1828 -
2169 1806 2211 1836 Et
2237 1805 2263 1836 si
2282 1805 2634 1845 insteturtwsstgouudi

1578 1861 1675 1891 capax
1690 1860 1769 1891 puer
1791 1857 1906 1890 potest,
1922 1850 2028 1882 invitis
2044 1849 2236 1890 parentibus,
2250 1849 2352 1880 facere
2366 1856 2480 1884 votum
2494 1850 2638 1886 solamne

1578 1894 1798 1932 continentiae,
1815 1901 1846 1924 et
1860 1904 1894 1925 se
1908 1894 2043 1925 eximere
2058 1904 2076 1924 a
2092 1900 2247 1935 potestate
2263 1899 2448 1934 parentum:
2464 1910 2485 1916 -
2508 1903 2638 1939 πεφθῆ-

1578 1939 1720 1970 dendum
1742 1946 1789 1970 est
1807 1938 1900 1980 quod
1922 1937 1955 1968 id
1977 1938 2066 1979 quod
2089 1944 2136 1969 est
2157 1936 2383 1969 inconveniens
2405 1937 2561 1980 absolute,
2581 1946 2639 1979 po-

2663 1811 2675 1823 ⁸
2689 1810 2746 1833 Cau.
2767 1810 2859 1832 Nullum

2664 1841 2687 1859 et
2701 1836 2802 1884 qundo
2818 1843 2860 1864 pre

2665 1864 2709 1892 :by
2719 1879 2734 1890 .,
2743 1863 2859 1885 dranum

2665 1896 2717 1918 esp.
2789 1889 2806 1911 d
2834 1895 2860 1911 νο

2665 1918 2713 1939 m

2783 1916 2839 1938 Volo
2853 1923 2860 1937 ε

2669 1932 2725 1964 Vod
2749 1942 2860 1970 redempt.

1550 1990 1552 1998 ²
1577 1990 1637 2014 test
1659 1993 1716 2024 per·
1730 1983 1874 2014 accidens
1888 1981 1953 2013 fieri
1978 1992 2043 2013 non
2059 1981 2296 2013 inconveniens.
2320 1981 2362 2012 Et
2383 1981 2428 2012 sic
2451 1981 2550 2012 estin
2565 1979 2639 2022 pto‘-
2659 1968 2793 2025 ,la-&33

1577 2026 1694 2068 posito.
1724 2027 1887 2064 Quoniam
1917 2033 2023 2058 totum
2045 2026 2107 2057 hoc
2138 2033 2184 2057 est
2207 2025 2327 2056 ratione
2346 2024 2468 2056 ¹ordinis
2490 2012 2641 2068 ascib-{et
2680 2020 2746 2059 7¹¹¹'02
2779 2047 2782 2054 ,

1579 2122 1610 2146 et
1623 2122 1737 2147 votum
1753 2122 1992 2156 consequuntur
2015 2114 2159 2147 ordinem
2179 2123 2304 2145 sacrum
2323 2114 2358 2145 in
2373 2114 2640 2158 propositos-,Qu—

1578 2167 1646 2192 ctor
1667 2170 1743 2190 vero
1766 2166 1797 2190 et
1820 2159 1964 2190 doctores
1987 2159 2165 2200 loquuntur
2187 2158 2350 2190 absolute..
2516 2194 2518 2197 Ι
2537 2170 2564 2196 ,2

1634 2204 1684 2234 Ad
1700 2203 1975 2235 confirmationem
1990 2210 2098 2234 autem
2113 2202 2227 2233 dicitur
2241 2201 2332 2244 quod
2347 2201 2552 2242 ponderanda
2562 2204 2642 2243 'sunt

1578 2248 1672 2278 verba
1696 2247 1841 2278 canonis:
1865 2247 2019 2289 quoniam
2042 2247 2085 2278 ibi
2108 2256 2251 2287 expresse
2274 2247 2312 2277 de
2335 2252 2438 2282 aetate,
2455 2253 2502 2277 est
2524 2249 2640 2283 sermo,

1579 2298 1609 2322 et
1631 2302 1697 2322 non
1722 2292 1760 2322 de
1784 2291 1903 2322 malitia
1926 2291 2093 2332 supplente
2117 2297 2263 2331 aetatem.
2284 2291 2391 2329 Quare
2412 2296 2522 2322 autem
2544 2286 2641 2322 eand-

1578 2336 1687 2366 nicum
1717 2336 1767 2367 ius
1796 2336 1828 2366 in
1859 2335 2064 2366 matrimonio
2096 2341 2127 2366 et
2155 2342 2233 2366 voto
2261 2334 2399 2366 solemni
2429 2334 2641 2366 continentiae

1579 2380 1697 2411 ordinis
1717 2380 1804 2416 sacri,
1821 2380 1974 2411 malitiam
1998 2380 2048 2410 vel
2071 2389 2167 2410 usum
2189 2379 2319 2411 rationis
2342 2379 2491 2420 supplere
2513 2379 2640 2415 achnisit

1578 2432 1727 2462 aetatem,
1753 2432 1784 2455 et
1807 2434 1873 2455 non
1895 2424 1928 2455 in
1950 2430 2027 2455 voto
2057 2423 2192 2455 solemni
2214 2423 2395 2465 religionis,
2420 2423 2501 2455 ratio
2523 2423 2640 2466 dupla

1578 2479 1644 2499 esse
1668 2469 1782 2509 potuit.
1807 2468 1921 2504 Prima,
1945 2475 2074 2509 propter
2097 2475 2233 2499 mortem
2261 2467 2386 2499 civilem
2409 2477 2492 2509 quae
2514 2468 2548 2499 in
2564 2477 2639 2511 pro-

1577 2512 1714 2543 sessione
1737 2512 1897 2552 religionis
1913 2511 2186 2553 intervenit‚‘quae
2202 2512 2300 2543 ardua
2317 2511 2408 2542 valde
2423 2510 2559 2543 mutatio
2582 2517 2638 2548 est,

1578 2567 1659 2597 quae
1681 2557 1713 2587 in
1737 2557 1805 2587 aliis
1829 2566 1894 2587 non
1917 2555 2085 2587 invenitur.
2110 2556 2270 2592 Secunda,
2291 2562 2422 2597 propter
2445 2556 2639 2587 sacramenta

1577 2601 1783 2632 ecclesiastica
1798 2601 1830 2631 in
1854 2601 1915 2631 illis
1937 2601 2184 2636 intervenientia,
2202 2600 2318 2631 scilicet
2335 2600 2454 2631 ordinis
2477 2607 2508 2631 et
2530 2600 2637 2631 mmi-

1577 2645 1693 2676 monii:
1717 2645 1751 2676 in
1766 2645 1963 2685 professione
1986 2655 2124 2685 namque
2140 2644 2301 2684 religionis
2324 2645 2451 2676 nullum
2473 2643 2639 2679 intervenit

1577 2697 1818 2721 sacramentum.
2601 2701 2604 2703 “

1105 2928 1108 2931 ¹
1246 2869 1562 2912 ARTICULUS
1592 2869 1842 2912 DECIMUS
2579 2928 2581 2931 .

1144 2961 1300 2992 UTRUM
1325 2961 1367 2992 [N
1390 2961 1513 2992 vo‘ro
1536 2961 1782 2992 DISPENSARI
1805 2960 1953 2992 Possrr

1198 3031 1232 3055 1v
1251 3030 1334 3060 Seni„
1354 3030 1413 3056 dist.
1431 3038 1533 3060 xxxvm,

496 3114 551 3157 >aa
579 3119 651 3164 m«
676 3112 698 3136 D
718 3111 878 3136 Decimum
899 3111 952 3136 sm
972 3111 1210 3137 PROCEDITUR.
1239 3100 1397 3137 Videtur
1416 3101 1522 3148 quod

491 3142 654 3213 ᾖξ’ΔῖἕἸἓ
676 3152 713 3189 in
749 3159 841 3188 voto
872 3152 1078 3200 dispensari
1111 3165 1188 3189 non
1219 3153 1348 3201 possit.
1393 3153 1521 3190 Minus

481 3204 776 3254 'yrxqffenim
813 3212 869 3242 est
904 3205 1131 3241 commutari
1164 3213 1299 3241 votum
1328 3217 1444 3254 quam
1482 3205 1520 3241 in

519 3234 722 3295 &taxeo
752 3258 970 3306 dispensari.
1011 3258 1085 3294 Sed
1113 3265 1248 3294 votum
1287 3270 1365 3294 non
1397 3265 1522 3306 potest

466 3311 712 3348 commutari:
749 3311 881 3348 dicitur
910 3310 1012 3347 enirn
1040 3311 1157 3348 Levit.
1177 3310 1332 3347 xxvl1*:
1366 3310 1523 3348 Animal

465 3366 565 3413 quod
597 3364 788 3401 immolari
818 3370 937 3412 potest
967 3364 1152 3409 Domino,
1189 3364 1222 3399 si
1247 3363 1330 3411 quis
1365 3363 1519 3409 voverit,

464 3423 633 3454 sanctum
661 3418 750 3463 erit,
779 3423 815 3454 et
841 3416 983 3454 mutari
1009 3428 1083 3453 non
1106 3416 1260 3465 poterit,
1291 3427 1358 3453 nec
1389 3415 1521 3453 melius

465 3471 565 3507 malo
594 3482 661 3507 nec
682 3471 790 3519 peius
818 3471 926 3507 bono.
965 3470 1067 3517 Ergo
1096 3470 1214 3506 multo
1243 3469 1369 3506 minus
1396 3477 1520 3517 potest

465 3523 671 3572 dispensari
699 3523 736 3560 in
764 3531 868 3560 voto.

1553 3038 1597 3063 qu.
1616 3038 1633 3061 1,
1653 3035 1699 3056 art.
1718 3038 1743 3062 4,
1763 3031 1814 3064 qu²
1837 3039 1857 3060 ι,
1878 3030 1901 3056 3.

1546 3099 1549 3138 l
1629 3112 1664 3137 2.
1681 3101 1913 3148 PRAETEREA,
1935 3101 1973 3138 in
1991 3100 2049 3138 his
2069 3113 2167 3149 quae
2187 3109 2275 3138 sunt
2300 3101 2347 3139 de
2376 3102 2458 3150 lege
2478 3099 2636 3140 'namra‘e

1576 3161 1612 3190 et
1639 3153 1677 3189 in
1704 3154 1914 3202 praeceptis
1935 3154 2071 3191 divinis
2099 3166 2178 3192 non
2199 3162 2326 3204 potest
2343 3167 2413 3206 per
2435 3154 2633 3206 homiuem

1575 3205 1802 3254 dispensari:
1833 3213 1869 3242 et
1896 3206 2100 3255 praecipue
2120 3207 2159 3244 in
2176 3207 2387 3257 praeceptis
2414 3207 2561 3257 primae
2582 3216 2636 3245 ta-

1575 3258 1698 3304 bulae,
1715 3271 1814 3306 quae
1830 3259 2051 3296 ordinantur
2065 3260 2206 3297 directe
2225 3260 2274 3297 ad
2293 3259 2531 3298 dilectionem
2547 3261 2633 3307 Dei,

1575 3323 1672 3359 quae
1694 3319 1748 3348 est
1766 3311 1920 3348 ultimus
1938 3320 2231 3361 praeceptorum
2251 3313 2349 3350 finis.
2380 3313 2458 3350 Sed
2476 3312 2634 3362 implere

1574 3371 1709 3400 votum
1747 3371 1803 3400 est
1831 3364 1877 3401 de
1905 3365 1987 3412 lege
2016 3373 2193 3412 naturae;
2232 3373 2268 3402 et
2296 3373 2351 3403 est
2378 3365 2492 3403 etiam
2524 3378 2634 3415 prae-

1576 3423 1735 3465 ceptum
1761 3416 1851 3464 legis
1881 3416 2049 3466 divinae,
2079 3426 2120 3455 ut
2148 3430 2194 3455 ex
2220 3418 2443 3468 supradictis
2463 3418 2484 3440 *
2510 3425 2631 3467 patet3
2660 3427 2671 3469 ξ

1547 3513 1549 3535 Ι
1576 3477 1612 3506 et
1630 3469 1790 3518 pertinet
1809 3469 1859 3506 ad
1881 3478 2084 3519 praecepta
2102 3471 2248 3519 primae
2276 3471 2439 3518 tabulae,
2470 3484 2558 3509 curn
2587 3471 2633 3511 sit

1546 3536 1549 3554 ι
1575 3530 1680 3558 actus
1703 3522 1842 3559 latriae.
1873 3523 1974 3570 Ergo
1995 3523 2032 3559 in
2051 3531 2146 3560 voto
2165 3523 2374 3572 dispensari
2398 3536 2476 3561 non
2494 3531 2630 3574 potest.

1577 2080 1643 2102 non
1667 2071 1788 2102 rarione
1821 2071 1966 2111 propriae
1989 2069 2152 2111 potestatis
2182 2069 2286 2110 pueri:
2311 2069 2482 2110 exemptio.
2501 2064 2641 2111 namq&
2673 2075 2693 2087 ⁴*
2718 2076 2720 2084 ⁸
2753 2073 2768 2086 ¹*

2852 3751 2860 4048 ...a-a.—-..-..—.....--..
2856 3704 2860 3734 -.,
2856 3686 2860 3690 .
2858 3670 2860 3674 .
2856 3611 2860 3658 ΛΠ,
2849 3575 2860 3591 Α.
2856 3555 2857 3558 Α
