2860 4244
351 321 422 367 342

1000 318 1264 365 QUAESTIO
1294 318 1468 364 xcv111‚
1498 318 1792 355 ARTlCULUS
1824 319 1853 353 ιι

349 399 441 435 ratio
473 398 634 457 periurii,
663 406 818 446 propter
846 398 1011 444 aliquem
1041 396 1205 432 falsitatis
1231 395 1404 431 modum.
1431 393 1434 420 ¹
1460 407 1610 442 verum,
1632 396 1726 432 sicut
1746 395 1804 431 ille
1824 395 1888 443 qui
1906 407 2042 431 verum
2072 395 2167 431 iurat
2190 395 2296 442 quod
2315 402 2422 444 putat
2442 408 2524 432 esse

351 452 426 488 Sed
456 451 543 499 quia
572 451 609 487 in
638 462 870 497 unoquoque
900 449 1024 497 potius
1061 456 1116 484 est
1145 449 1180 485 id
1211 448 1315 506 quod
1354 453 1435 487 est
1462 448 1608 484 falsum.
1636 449 1733 484 Dicit
1753 449 1854 484 enim
1875 447 1925 484 ibi
1945 447 2198 495 Augustinus:
2228 449 2386 485 Interest
2399 460 2526 496 quem-

350 505 507 540 formale
537 515 650 552 quam
680 503 717 539 id
737 502 840 549 quod
862 511 918 538 est
932 501 1136 545 materiale,
1168 513 1246 537 non
1274 500 1324 537 ita
1354 508 1435 542 est
1462 501 1666 537 admodum
1685 503 1841 538 verbum
1855 501 2039 548 procedat
2065 512 2114 536 ex
2132 500 2283 536 animo:
2311 502 2399 549 quia
2419 513 2524 538 ream

348 557 519 604 periurus
548 556 607 591 ille
636 555 699 603 qui
738 555 872 590 falsum
910 555 1007 590 iurat
1042 531 1145 602 quod
1184 561 1290 602 putat
1326 565 1408 589 esse
1435 552 1635 602 linguam
1665 566 1738 590 non
1763 554 1859 601 facit
1886 554 1958 589 nisi
1985 565 2050 590 rea
2080 565 2195 590 mens.

1024 649 1355 681 Commentario.
1378 648 1627 681 CardinaliS
1649 649 1848 681 Caietani

352 733 397 794 IN
415 722 546 751 articulo
572 721 674 760 primo
691 721 884 760 quaestionis
901 720 1254 759 nonagesimaeoctavae
1271 719 1404 749 dubium
1432 722 1434 751 Ι
1460 719 1632 759 periurium
1658 729 1675 749 a
1698 719 1908 760 Hieronymo,
1933 719 2054 750 reducit
2076 719 2116 749 ad
2138 718 2255 749 falsum
2278 719 2387 759 aliquo
2407 719 2524 749 modo:

380 766 513 796 occurrit
537 765 574 794 de
597 775 634 794 eo
659 765 747 804 quod
772 765 884 794 dicitur
903 765 935 794 in
956 773 1102 804 corpore:
1127 765 1217 794 Finis
1234 765 1406 794 iuramenti

350 816 395 840 est
418 809 616 850 confirmatio
640 809 714 838 dicti
737 809 879 838 humani.
906 808 1038 839 Videtur
1054 809 1139 839 enim
1162 809 1223 838 hoc
1240 808 1405 844 adversari,

349 854 462 893 primo,
487 853 617 883 veritati.
642 853 724 889 Quia
740 860 827 882 actus
851 853 968 888 latriae,
986 860 1021 883 ut
1037 860 1083 883 est
1099 852 1323 888 iuramentum,
1342 862 1406 882 non

350 897 512 927 ordinatur
542 897 581 926 ad
612 895 886 927 confirmationem
916 897 1047 927 humani
1076 896 1149 926 dicti
1173 904 1208 927 ut
1231 897 1269 926 ad
1293 896 1405 926 finem:

349 941 423 981 quia
447 940 583 970 nobilius
609 950 673 970 non
696 940 789 971 habet
817 950 874 980 pro
898 939 960 970 fine
983 941 1016 970 id
1039 941 1126 981 quod
1152 948 1197 970 est
1221 941 1326 970 minus
1350 950 1407 970 no-

349 985 426 1020 bile;
453 984 556 1014 divina
580 991 686 1014 autem
703 992 776 1015 sunt
800 984 955 1014 nobiliora
979 985 1136 1015 humanis.
1162 1003 1182 1007 -
1206 985 1338 1021 Deinde,
1355 995 1406 1014 su-

350 1039 404 1069 pra
430 1028 518 1058 dictis
541 1028 651 1068 inqu.
668 1038 787 1064 Lxxxnr,
805 1035 860 1059 art.
878 1038 909 1068 4,
927 1029 966 1058 ad
988 1030 1015 1065 3,
1042 1029 1095 1059 ubi
1119 1032 1248 1064 Auctor,
1274 1035 1407 1059 tractans

349 1073 437 1112 quod
461 1071 658 1102 confirmatio
687 1073 761 1103 dicti
785 1073 916 1102 humani
941 1072 980 1103 sit
1003 1072 1074 1103 finis
1098 1073 1282 1109 iuramenti,
1307 1083 1408 1113 oppo-

349 1117 444 1147 situm
469 1116 562 1146 sentit
585 1116 652 1146 eius
676 1117 763 1157 quod
788 1117 837 1147 hic
862 1117 983 1148 dicitur.

411 1161 462 1190 Ad
498 1161 560 1190 hoc
591 1160 703 1191 dicitur
736 1171 772 1191 ex
801 1163 940 1191 Auctore
969 1161 1129 1200 superius,
1160 1161 1192 1190 in
1222 1171 1301 1200 resp.
1329 1161 1368 1190 ad
1394 1171 1402 1190 1

350 1211 404 1234 art.
426 1214 463 1243 4,
487 1214 541 1245 qu.
559 1215 683 1240 mxxix,
708 1205 796 1245 quod
820 1205 851 1234 in
875 1205 1052 1235 iuramento
1074 1205 1137 1235 duo
1163 1204 1408 1235 considerantur.

349 1248 467 1284 Primo,
491 1249 710 1279 testimonium
734 1249 821 1289 quod
846 1249 1019 1279 inducitur:
1044 1256 1075 1279 et
1098 1249 1159 1278 hoc
1183 1255 1229 1278 est
1252 1248 1407 1278 divinum.

350 1292 390 1322 Et
414 1302 450 1322 ex
473 1292 530 1323 hac
551 1299 637 1331 parte
656 1293 870 1323 iuramentum
887 1300 933 1323 est
948 1300 1035 1323 actus
1051 1292 1175 1322 latriae:
1202 1299 1232 1322 et
1255 1291 1326 1321 finis
1342 1292 1409 1322 eius

350 1343 396 1366 est
420 1336 523 1366 divina
547 1337 726 1368 reverentia.
751 1337 791 1367 Et
813 1337 874 1366 hoc
898 1337 1060 1366 ordinatur
1076 1336 1115 1366 ad
1136 1335 1410 1366 confirmationem

350 1381 481 1410 humani
505 1380 577 1410 dicti
602 1390 666 1410 non
690 1388 725 1410 ut
748 1381 786 1410 ad
806 1380 912 1416 finem,
930 1381 984 1410 sed
1008 1387 1043 1410 ut
1066 1380 1236 1410 honestum
1260 1380 1299 1410 ad
1321 1380 1407 1410 utile.

351 1424 513 1459 Secundo,
538 1424 570 1454 id
601 1425 688 1464 quod
719 1424 791 1454 facit
818 1425 1035 1455 necessitatem
1065 1424 1235 1454 inducendi
1266 1424 1409 1454 testimo-

351 1467 453 1498 nium:
479 1476 509 1498 et
528 1468 588 1498 hoc
605 1475 651 1499 est
673 1468 862 1498 humanum.
887 1469 927 1498 Et
948 1478 984 1499 ex
1004 1468 1061 1498 hac
1084 1475 1171 1507 parte
1195 1468 1411 1498 iuramentum
1437 1479 1438 1488 ¹

351 1512 513 1542 ordinatur
543 1512 582 1541 ad
610 1511 884 1542 confirmationem
914 1512 1046 1543 humani
1075 1512 1148 1542 dicti
1175 1519 1211 1543 ut
1239 1513 1279 1542 ad
1302 1511 1410 1544 finem.

351 1556 434 1593 Quia
450 1556 543 1595 igitur
559 1555 756 1587 confirmatio
773 1556 846 1586 dicti
863 1563 909 1587 est
925 1564 955 1587 et
970 1556 1049 1587 ratio
1067 1556 1208 1587 utilitatis
1225 1563 1255 1587 et
1270 1555 1341 1587 finis
1358 1567 1410 1587 ne-

351 1600 501 1630 cessitatis
525 1600 709 1637 iuramenti;
741 1611 776 1631 ac
805 1611 860 1640 per
887 1601 965 1637 hoc,
990 1608 1036 1631 est
1059 1607 1125 1631 tota
1145 1601 1224 1631 ratio
1253 1610 1350 1641 quare
1373 1601 1412 1632 sit

351 1644 474 1674 licitum
489 1644 717 1675 iuramentum:
742 1644 814 1674 ideo
831 1645 863 1674 in
879 1645 980 1675 littera
995 1645 1052 1675 hac
1075 1648 1197 1675 Auctor
1216 1655 1252 1674 ex
1269 1645 1330 1675 hoc
1350 1645 1411 1676 fine

352 1688 479 1718 deduxit
503 1688 676 1728 periurium
701 1689 869 1719 consistere
893 1689 997 1729 primo
1021 1689 1054 1719 in
1078 1688 1220 1719 falsitate.
1249 1691 1348 1719 Actus
1372 1690 1412 1720 si-

351 1733 482 1772 quidem
508 1733 640 1763 humani
667 1743 704 1763 ex
726 1732 788 1763 fine
812 1742 887 1763 suae
911 1733 1101 1763 necessitatis
1133 1740 1163 1763 et
1190 1732 1310 1764 ratione
1337 1744 1412 1764 suae

352 1776 492 1807 utilitatis
516 1777 555 1807 ad
579 1777 813 1807 convivendum
836 1777 916 1808 inter
938 1777 1094 1812 homines,
1119 1777 1307 1808 iudicantur.

407 1821 443 1850 11.
469 1821 503 1850 ln
525 1821 731 1860 responsione
755 1822 793 1851 ad
818 1821 958 1861 primum
974 1821 1115 1851 eiusdem
1131 1821 1262 1858 articuli,
1287 1822 1411 1852 adverte

351 1865 439 1905 quod
468 1867 589 1895 Auctor
619 1875 715 1895 omne
744 1865 887 1896 illicitum
918 1865 1149 1902 iuramentum,
1179 1865 1254 1906 quia
1281 1873 1412 1896 vocatur
1438 1866 1439 1879 ¹

1432 764 1434 800 ’ς
1461 771 1495 794 ut
1519 764 1562 794 sic
1586 763 1703 793 falsitas
1726 763 1766 794 sit
1789 773 1854 793 non
1874 763 1980 793 solum
2004 763 2184 803 principalis
2208 763 2288 794 ratio
2313 762 2451 803 periurii,
2469 764 2524 794 sed

1433 820 1434 846 3
1461 807 1641 838 communis
1661 807 1729 836 lues
1746 807 1893 837 omnium
1910 807 2131 847 periuriorum.
2156 808 2196 838 Et
2219 807 2290 837 licet
2313 807 2356 837 ita
2371 807 2419 844 sit,
2437 808 2526 848 quod

1433 858 1435 866 ’
1460 852 1492 882 ἰη
1517 851 1605 881 omni
1629 850 1738 881 illicito
1763 851 1940 881 iuramento
1965 851 2044 882 desit
2067 851 2175 892 aliquo
2199 852 2299 882 modo
2323 852 2452 882 veritas:
2477 852 2527 882 vel

1434 908 1435 926 ι
1461 896 1535 937 quia
1567 896 1652 925 deest
1682 895 1714 924 in
1745 895 1887 935 potentia
1911 895 2096 934 periculosa,
2113 903 2149 926 ut
2171 895 2203 925 in
2227 895 2406 926 iuramento
2429 895 2526 926 indis—

1434 935 1435 966 f
1461 947 1564 976 creto;
1589 939 1638 969 vel
1661 939 1736 979 quia
1760 939 1846 969 deest
1869 939 1902 969 in
1927 938 2136 978 obligatione,
2162 939 2237 979 quia
2266 938 2383 970 scilicet
2406 939 2526 979 obliga-

1434 987 1435 999 ³
1461 991 1512 1015 tur
1535 984 1575 1013 ad
1598 983 1800 1019 contrarium,
1823 983 1885 1013 hoc
1901 989 1947 1013 est
1970 983 2009 1013 ad
2033 982 2264 1014 falsificandam
2280 983 2401 1014 dictum
2417 994 2523 1020 suum,

1462 1036 1497 1059 ut
1521 1038 1594 1058 cum
1625 1027 1695 1068 quis
1727 1027 1808 1058 iurat
1831 1027 1992 1064 illicitum,
2018 1034 2073 1057 aut
2102 1037 2168 1058 non
2199 1028 2357 1067 obligatur
2385 1028 2424 1058 ad
2446 1028 2526 1059 illud

1435 1085 1436 1092 ¹
1462 1072 1697 1107 verificandum,
1723 1071 1869 1112 quamvis
1885 1072 1975 1107 iuret,
2000 1078 2035 1101 ut
2059 1081 2132 1101 cum
2155 1071 2238 1102 iurat
2261 1081 2327 1101 non
2352 1071 2452 1102 facere
2468 1073 2525 1103 bo-

1464 1127 1542 1147 num
1566 1116 1851 1156 supererogationis
1859 1125 1866 1152 ;
1891 1115 1942 1146 vel
1968 1116 2055 1145 deest
2077 1115 2189 1146 veritas
2216 1115 2249 1145 in
2272 1116 2468 1152 intentione,
2492 1123 2528 1147 ut

1463 1171 1537 1192 cum
1561 1161 1631 1201 quis
1655 1160 1846 1190 mendaciter
1868 1159 1958 1195 iurat,
1976 1167 2040 1196 aut,
2061 1159 2086 1189 si
2104 1159 2252 1190 veraciter
2267 1159 2359 1196 iurat,
2377 1160 2528 1191 mentitur

1463 1205 1495 1235 in
1511 1205 1707 1235 executione:
1732 1222 1752 1227 —
1777 1204 1904 1245 proprie
1927 1211 2033 1234 tamen
2059 1211 2088 1234 et
2112 1204 2286 1234 formaliter
2303 1204 2467 1244 loquendo
2488 1205 2526 1237 de

1463 1249 1612 1289 periurio,
1637 1249 1704 1279 sola
1729 1248 1845 1279 falsitas
1869 1248 2029 1284 orationis,
2055 1248 2180 1288 cognita
2203 1248 2253 1278 vel
2277 1249 2429 1288 neglecta,
2454 1258 2528 1279 con-

1463 1293 1563 1324 stituit
1586 1293 1770 1332 periurium.
1803 1292 1966 1329 Quoniam
1990 1293 2206 1323 iuramentum
2229 1293 2343 1323 directe
2367 1293 2473 1323 Deum
2495 1293 2528 1323 in

1463 1337 1684 1367 testimonium
1709 1337 1860 1367 orationis
1883 1347 1981 1377 quam
2005 1337 2111 1367 iurans
2135 1337 2209 1367 dicit
2232 1337 2369 1367 inducit:
2395 1344 2426 1368 et
2454 1347 2527 1377 pro-

1436 1383 1438 1414 ἓ
1464 1388 1569 1421 pterea
1598 1387 1724 1421 oportet
1752 1381 1930 1411 orationem
1959 1388 1990 1411 et
2020 1391 2086 1411 esse
2118 1389 2148 1412 et
2171 1381 2320 1421 cognosci
2344 1390 2467 1418 veram;
2499 1388 2530 1412 et

1464 1425 1489 1455 si
1513 1432 1558 1455 est
1581 1424 1796 1464 promissoria,
1813 1425 1894 1455 ultra
1909 1425 1970 1455 hoc
1994 1432 2120 1465 oportet
2137 1425 2209 1455 dare
2232 1435 2363 1466 operam
2379 1426 2418 1455 ad
2441 1425 2529 1456 illam

1463 1468 1696 1499 verificandam.
1736 1469 1782 1498 Ex
1816 1469 1915 1499 tribus
1948 1479 2022 1508 ergo
2053 1469 2222 1500 comitibus
2254 1469 2424 1501 iuramenti
2438 1493 2446 1506 ‚
2478 1479 2529 1500 so—

1463 1514 1525 1544 lius
1547 1513 1684 1544 veritatis
1708 1512 1847 1543 defectus
1872 1513 2036 1553 culpabilis
2061 1513 2224 1553 constituit
2254 1513 2430 1553 periurium
2453 1513 2529 1544 sim—

1464 1557 1595 1598 pliciter.
1629 1557 1739 1588 Iudicii
1764 1564 1871 1588 autem
1895 1565 1925 1588 et
1948 1557 2084 1588 iustitiae
2108 1557 2247 1589 defectus
2271 1557 2436 1589 constituit
2458 1567 2529 1598 per-

1465 1602 1583 1632 iurium
1607 1602 1783 1632 secundum
1807 1602 1894 1642 quid,
1920 1608 2048 1642 propter
2072 1602 2189 1633 dictam
2212 1602 2378 1639 rationem,
2404 1609 2440 1633 ut
2461 1612 2528 1633 am—

1465 1646 1549 1687 plius
1573 1645 1862 1676 manifestabitur*.

1521 1690 1556 1720 ln
1571 1690 1778 1730 responsione
1795 1690 1833 1719 ad
1850 1689 1978 1720 tertium
1995 1689 2138 1720 eiusdem
2154 1689 2286 1726 articuli,
2299 1690 2426 1721 adverte
2441 1690 2531 1731 quod

1466 1744 1539 1765 cum
1564 1734 1635 1775 quis
1658 1734 1740 1765 iurat
1762 1734 1795 1764 id
1818 1734 1906 1774 quod
1930 1734 1963 1764 in
1987 1743 2019 1764 re
2043 1741 2089 1764 est
2111 1734 2238 1771 falsum,
2263 1741 2378 1775 putans
2395 1744 2462 1765 esse
2477 1745 2530 1765 ve-

1466 1789 1547 1814 rum,
1573 1779 1598 1808 si
1622 1778 1766 1809 adhibuit
1789 1778 1927 1809 debitam
1943 1778 2149 1818 diligentiam,
2170 1786 2335 1810 excusatur
2358 1789 2376 1810 a
2400 1786 2530 1819 peccato

1467 1833 1604 1863 periurii.

1105 2011 1421 2054 ARTICULUS
1466 2010 1766 2054 SECUNDUS

982 2103 1137 2134 UTRUM
1161 2103 1283 2134 OMNE
1307 2104 1543 2134 PERIURIUM
1567 2103 1633 2134 SIT
1657 2103 1894 2134 PECCATUM

355 2401 430 2438 Sed
441 2351 688 2451 quandoque
708 2403 841 2452 aliquis
870 2403 966 2440 iurat
994 2416 1033 2440 se
1063 2404 1249 2441 facturum
1271 2351 1411 2453 aliquid

355 2568 455 2597 caret
473 2570 630 2608 peccato
650 2561 815 2609 periurii,
836 2570 1055 2610 sequeretur
1079 2563 1183 2611 quod
1204 2571 1302 2599 esset
1329 2576 1412 2612 per-

354 2614 498 2662 plexus.

409 2678 444 2702 2.
466 2667 696 2713 ΡΗΑΕΤΕΒΕΑ,
718 2668 840 2703 nullus
860 2675 991 2715 peccat
1015 2667 1188 2705 faciendo
1209 2669 1314 2716 quod
1333 2681 1412 2705 me-

355 2719 425 2755 lius
455 2727 519 2756 est.
551 2720 626 2756 Sed
656 2720 886 2768 quandoque
915 2720 1047 2769 aliquis
1076 2721 1305 2769 periurando
1327 2722 1413 2758 facit
1440 2743 1441 2747 =

355 2772 459 2821 quod
484 2772 618 2809 melius
639 2780 713 2809 est:
744 2772 838 2810 sicut
858 2785 945 2810 cum
966 2773 1100 2822 aliquis
1120 2774 1255 2811 iuravit
1274 2786 1313 2811 se
1334 2787 1412 2811 non

354 2825 577 2862 intraturum
616 2825 855 2873 religionem,
891 2827 953 2863 vel
991 2839 1256 2876 quaecumque
1294 2840 1412 2876 opera

352 2878 522 2915 virtuosa
550 2890 627 2915 non
662 2879 859 2916 facturum.
899 2880 1000 2927 Ergo
1039 2892 1117 2917 non
1146 2892 1260 2917 omne
1288 2881 1412 2929 periu—

354 2931 450 2968 rium
480 2938 536 2968 est
562 2939 774 2979 peccatum.

409 2985 442 3021 3.
464 2985 697 3032 Pium-mm,
727 2984 786 3021 ille
806 2984 871 3033 qui
898 2984 993 3022 iurat
1022 2985 1145 3022 facere
1166 2985 1316 3023 alterius
1343 2998 1412 3022 vo-

355 3154 432 3178 non
459 3150 591 3190 peccat
610 3142 640 3178 si
660 3143 739 3179 eius
759 3155 836 3179 non
861 3143 1015 3203 impleat
1033 3145 1291 3182 voluntatem:
1319 3153 1412 3194 puta

1439 2250 1506 2281 *se
1543 2244 1682 2304 aliquid
1718 2252 1973 2291 servaturam,

2013 2252 2050 2280 et
2085 2252 2219 2293 postea
2255 2245 2531 2293 superveniunt

1439 2317 1440 2347 3
1467 2298 1558 2334 novi
1579 2297 1681 2334 cives
1710 2298 1774 2346 qui
1793 2297 1884 2334 illud
1913 2310 1990 2335 non
2010 2297 2248 2343 iuraverunt;
2277 2299 2340 2335 vel
2360 2310 2448 2335 cum
2467 2297 2531 2336 ali-

1439 2379 1440 2382 *
1467 2351 1551 2399 quis
1581 2351 1787 2388 canonicus
1810 2350 1906 2387 iurat
1932 2356 2072 2388 statuta
2095 2351 2251 2388 alicuius
2279 2351 2459 2388 ecclesiae
2489 2363 2529 2388 se

1467 2412 1718 2450 servaturum,
1740 2412 1776 2441 et
1803 2404 2052 2453 postmodum
2073 2404 2198 2453 aliqua
2225 2405 2323 2442 fiunt
2343 2405 2391 2442 de
2410 2416 2527 2442 novo·

353 2454 532 2502 illicitum,
561 2463 652 2504 puta
679 2456 903 2493 adulterium
922 2457 984 2493 vel
1013 2457 1275 2503 homicidium,
1306 2457 1412 2505 quod

355 2507 384 2544 si
404 2507 524 2554 faciat,
545 2516 688 2556 peccat.
720 2509 759 2545 Si
780 2521 869 2557 ergo
899 2509 1011 2546 etiam
1032 2522 1109 2546 non
1130 2510 1304 2547 faciendo
1324 2523 1412 2559 pec·
1439 2535 1440 2544 ,

1467 2458 1569 2505 Ergo
1605 2457 1758 2494 videtur
1791 2457 1896 2506 quod
1923 2457 1983 2494 ille
2021 2457 2085 2505 qui
2121 2457 2391 2505 transgreditur
2427 2457 2526 2494 iura-

1467 2517 1639 2547 mentum
1668 2522 1746 2547 non
1774 2517 1917 2558 peccet.

1522 2564 1596 2599 SED
1617 2574 1763 2600 CONTRA
1780 2575 1847 2600 EST
1866 2562 1969 2611 quod
1998 2561 2231 2610 Augustinus
2260 2562 2358 2610 dicit,
2387 2563 2426 2600 in
2454 2575 2529 2600 ser-

1468 2628 1584 2652 mone
1613 2617 1658 2652 de
1691 2616 1819 2653 Verbis
1846 2616 1973 2663 Apost.
2003 2616 2136 2652 Iacobi
2151 2615 2183 2660 ²¹²,
2209 2616 2255 2652 de
2281 2616 2447 2665 periurio
2475 2617 2530 2654 lo-

1468 2680 1609 2716 quens:
1645 2669 1779 2705 Videtis
1806 2680 1920 2716 quam
1949 2669 2017 2705 ista
2046 2669 2258 2706 detestanda
2285 2670 2333 2707 sit
2354 2670 2475 2716 belua,
2495 2675 2532 2707 et

1468 2722 1513 2758 de
1540 2722 1650 2758 rebus
1676 2722 1850 2758 humanis
1878 2721 2176 2759 exterminanda.

1521 2775 1746 2811 Responnsso
1765 2786 1949 2812 DicENDUM
1969 2774 2086 2822 quod,
2104 2775 2199 2812 sicut
2213 2787 2327 2823 supra
2341 2774 2362 2797 '¹‘
2381 2775 2525 2813 dictum
2557 2786 2565 2795 ·

1469 2835 1543 2874 est,
1574 2827 1696 2864 iurare
1726 2835 1781 2863 est
1807 2828 1935 2864 Deum
1968 2834 2103 2865 testem
2131 2828 2323 2865 invocare.
2362 2828 2530 2866 Pertinet

1468 2888 1595 2917 autem
1633 2880 1681 2917 ad
1710 2879 1782 2917 Dei
1810 2880 2095 2918 irreverentiam
2133 2881 2236 2930 quod
2270 2881 2404 2930 aliquis
2438 2894 2528 2919 eum

1467 2941 1602 2970 testem
1631 2933 1783 2970 invocet
1810 2933 1997 2971 falsitatis:
2027 2933 2115 2983 quia
2141 2946 2211 2983 per
2228 2935 2303 2972 hoc
2331 2935 2395 2972 dat
2423 2934 2529 2972 intel-

1440 3023 1441 3035 2
1467 2986 1580 3034 ligere
1608 2987 1671 3023 vel
1699 2987 1802 3035 quod
1830 2988 1936 3024 Deus
1963 2987 2163 3025 veritatem
2196 3000 2275 3025 non
2304 2996 2527 3036 cognoscat,

354 3037 544 3095 luntatem‚
574 3037 644 3074 nisi
673 3050 759 3074 eam
788 3037 908 3084 faciat,
937 3038 1087 3076 videtur
1115 3038 1305 3076 incurrere
1325 3051 1411 3088 per·
1440 3039 1441 3059 ³

354 3089 504 3126 iurium.
545 3090 621 3126 Sed
649 3090 880 3149 quandoque
909 3099 1033 3139 potest
1061 3092 1277 3139 contingere
1307 3092 1410 3141 quod
1439 3122 1440 3136 2

355 3206 441 3231 cum
470 3194 652 3243 praecipit
671 3196 704 3231 ei
731 3195 871 3244 aliquid
899 3197 1009 3233 nimis
1038 3197 1177 3234 durum
1206 3206 1242 3234 et
1270 3197 1410 3247 impor—
1438 3205 1441 3212 ⁴

354 3247 477 3284 tabile.
508 3248 609 3296 Ergo
636 3247 787 3285 videtur
816 3249 919 3296 quod
947 3261 1026 3286 non
1059 3262 1174 3287 omne
1203 3251 1410 3298 periurium

354 3300 399 3337 sit
427 3307 637 3348 peccatum.

406 3365 443 3399 4.
473 3354 712 3400 PRAETEREA,
751 3353 1007 3390 iuramentum
1044 3354 1335 3403 promissorium
1371 3367 1411 3392 se

356 3406 520 3443 extendit
547 3406 597 3443 ad
625 3407 760 3453 futura,
790 3405 884 3443 sicut
911 3406 1155 3443 assertorium
1191 3407 1239 3444 ad
1267 3415 1412 3456 praete-

1466 3040 1528 3077 vel
1557 3039 1664 3087 quod
1691 3039 1891 3077 falsitatem
1918 3039 2108 3077 testificari
2126 3040 2227 3078 velit.
2261 3041 2311 3078 Et
2338 3041 2424 3079 ideo
2444 3053 2528 3090 per·

1467 3092 1606 3129 iurium
1635 3092 1832 3130 manifeste
1862 3100 1917 3130 est
1944 3100 2145 3142 peccatum
2179 3093 2350 3142 religioni
2379 3102 2524 3132 contra-

1468 3146 1577 3192 rium,
1607 3145 1713 3182 cuius
1743 3153 1797 3182 est
1825 3147 1909 3183 Deo
1940 3146 2193 3184 reverentiam
2216 3146 2405 3184 exhibere.

1519 3200 1578 3234 AD
1607 3210 1744 3235 pamma
1763 3210 1861 3236 ERGO
1882 3211 2065 3236 montinum
2086 3199 2190 3248 quod
2209 3199 2268 3237 ille
2289 3199 2353 3250 qui
2371 3200 2468 3237 iurat
2486 3213 2528 3238 se

1467 3251 1652 3287 facturum
1680 3251 1834 3300 aliquod
1862 3251 2042 3299 illicitum,
2071 3252 2232 3290 iurando
2261 3252 2415 3290 incurrit
2440 3265 2526 3302 per-

1439 3347 1441 3351 ·
1467 3303 1607 3340 iurium
1643 3312 1799 3352 propter
1836 3304 2024 3342 defectum
2059 3305 2229 3343 iustitiae.
2267 3305 2346 3343 Sed
2382 3305 2414 3343 si
2447 3318 2526 3343 non

1440 3377 1441 3381 =
1467 3355 1620 3404 impleat
1648 3357 1752 3404 quod
1781 3357 1928 3404 iuravit,
1958 3357 1996 3394 in
2024 3358 2098 3395 hoc
2126 3358 2335 3407 periurium
2363 3370 2441 3395 non
2469 3358 2525 3395 in-

357 3458 423 3494 rita
461 3466 496 3495 et
526 3459 749 3508 praesentia.
788 3459 862 3496 Sed
896 3466 1021 3508 potest
1054 3459 1268 3508 contingere
1306 3461 1411 3508 quod
1439 3487 1440 3490 =

355 3511 504 3548 tollatur
536 3511 713 3560 obligatio
741 3512 940 3549 iuramenti
967 3524 1037 3561 per
1064 3512 1206 3560 aliquid
1241 3513 1346 3561 quod
1374 3513 1412 3550 in

409 3624 435 3656 α)
448 3624 580 3657 firmavit.
593 3638 609 3643 -
627 3625 794 3658 confirmavit
812 3625 882 3650 PDa.

1468 3408 1601 3445 currit:
1631 3409 1719 3457 quia
1748 3410 1822 3446 hoc
1857 3423 1933 3447 non
1963 3418 2041 3448 erat
2076 3412 2149 3448 tale
2187 3411 2279 3460 quid
2314 3410 2418 3461 quod
2453 3411 2524 3448 sub

1467 3461 1679 3499 iuramento
1709 3463 1844 3500 cadere
1873 3471 2012 3512 posset.

1518 3516 1577 3551 An
1606 3527 1795 3552 SECUNDUM
1824 3528 2007 3554 montinum
2046 3517 2147 3566 quod
2177 3516 2237 3553 ille
2266 3515 2331 3564 qui
2357 3515 2455 3553 iurat
2484 3529 2524 3553 se

2558 1642 2706 1666 wemmam.
2714 1647 2768 1671 poet

2556 1672 2599 1691 art.
2619 1675 2645 1697 2,
2664 1669 2729 1692 nam.
2750 1675 2768 1691 n

2557 1701 2609 1725 “lq-

2555 2626 2768 2703 {gin-651¹&-

2591 2785 2640 2813 Qu.
2664 2791 2768 2812 amu,

2555 2814 2599 2834 1η.
2613 2817 2630 2834 1.

2856 3846 2860 3859 -
2853 3818 2860 3826 ι
2845 3759 2860 3809 mmai*
