2860 4244
15 488 77 511 ·.c¹·
98 492 140 511 m
163 494 226 516 prae-
259 453 406 520 Istionis‚
423 484 648 524 prosequendo
663 483 680 503 *
704 483 924 523 ambiguitates
947 488 1122 521 spectantes
1147 482 1186 511 ad
1209 491 1315 521 perso·
1342 501 1343 506 ,

254 538 330 559 natu
349 528 551 566 restituentis,
568 528 640 568 quis
657 527 774 558 scilicet
787 533 932 557 teneatur
945 526 985 555 ad
1001 525 1242 560 restitutionem,
1260 535 1317 555 no·
1343 529 1345 568 ζ

254 573 349 603 tanda
368 579 399 603 et
418 572 606 603 declaranda
625 571 729 611 primo
749 570 886 601 occurrit
899 570 954 600 illa
974 569 1132 600 maxima:
1164 569 1315 606 Quicum-

17 515 65 537 ced
81 515 213 537 comment.

0 1926 226 1995 ὤϊξαν-*Μ’
252 1938 340 1970 enim
362 1938 472 1969 locum
493 1938 527 1968 in
545 1937 732 1969 huiusmodi
747 1937 856 1976 regula
870 1936 1049 1976 evangelica
1063 1935 1097 1966 ⁸:
1121 1936 1259 1967 Necesse
1274 1942 1320 1967 est
1345 1942 1347 1951 ¹

0 1995 29 2061 l.

0 2072 6 2122 i

0 2162 11 2232 Ξ,

0 2314 10 2359 'P

0 2402 8 2434 i

0 2462 4 2479 r

0 2499 7 2529 i

919 238 1185 284 QUAESTIO
1215 239 1339 285 LXH,

1369 238 1664 276 ARTICULUS
1691 238 1778 275 VIII
2386 239 2432 285 59

928 351 1262 383 Commentaria
1283 351 1534 384 Cardinalis
1556 352 1756 384 Caietam

285 450 305 470 N
331 440 463 471 articulo
491 440 627 480 septimo
657 440 799 471 eiusdem
825 437 1191 478 sexagesimaesecundae
1219 448 1314 478 quae-

253 626 315 657 que
329 621 376 648 est
393 625 493 647 causa
508 617 646 646 iniustae
659 615 851 655 acceptionis
873 619 1000 644 tenetur
1014 613 1058 644 ad
1076 614 1318 644 restitutionem.

254 705 423 734 doctorum
452 712 525 742 prae
548 712 581 732 se
604 701 719 733 ferunt.
753 702 879 739 Quibus
903 701 1050 732 Auctoris
1073 702 1168 732 verba
1196 701 1258 732 hoc
1285 701 1318 731 in

253 748 326 778 loco
350 746 453 777 favere
469 747 625 782 videntur,
642 747 721 777 dum
745 746 820 777 dicit
843 746 932 787 quod
955 746 995 776 ad
1014 745 1246 776 restitutionem
1263 745 1320 775 ob·-

252 791 329 830 ligat
351 799 526 822 consensus
556 791 588 820 in
613 800 649 821 eo
678 791 748 821 sine
775 800 838 831 quo
867 791 984 830 rapina
1004 790 1086 831 fieri
1116 799 1178 820 non
1202 794 1318 829 potest.

252 835 416 875 Aiuntque
432 835 521 875 quod
543 834 714 875 requiritur
739 835 780 864 ad
803 834 1010 865 restitutionis
1032 834 1199 864 vinculum
1230 833 1320 873 quod

253 879 293 910 sit
315 888 409 910 causa
435 878 502 909 sine
525 889 590 919 qua
613 889 679 909 non
703 878 912 919 acciperetur:
946 878 1002 909 sed
1025 878 1050 908 si
1075 877 1209 908 omnino
1233 886 1319 907 acce-

253 923 321 963 ptio
345 921 455 954 fuisset
477 933 533 963 per
556 923 655 954 alium
678 922 778 959 facta,
803 933 868 954 non
897 922 996 953 teneri
1025 922 1064 952 ad
1088 921 1320 952 restitutionem

253 966 314 997 nisi
337 966 458 998 ratione
485 967 529 997 rei
553 977 634 1009 quae
656 967 696 997 ad
717 967 824 1007 ipsum
855 966 988 997 devenit.
1019 966 1061 996 Et
1091 975 1128 995 ex
1151 965 1212 995 hoc
1236 964 1319 1004 prin-

253 1010 337 1051 cipio
369 1011 536 1042 deducitur
564 1011 653 1052 quod
677 1020 789 1041 causae
816 1010 1070 1041 instrumentales
1099 1009 1318 1049 particulares,

254 1106 285 1130 et
311 1099 474 1131 inferiores
497 1100 612 1131 milites
642 1099 815 1139 etbpedites
838 1098 878 1128 ad
901 1098 1022 1128 bellum
1051 1097 1215 1128 manifeste
1239 1097 1322 1127 iniu-

252 1150 348 1180 stum,
369 1154 435 1174 non
454 1151 600 1174 tenentur
618 1143 678 1173 nisi
697 1142 816 1183 aliquid
835 1142 874 1172 ad
891 1152 946 1172 eos
963 1141 1138 1172 devenerit:
1165 1141 1319 1182 quoniam

251 1187 326 1218 loco
350 1197 464 1218 eorum
487 1188 538 1218 alii
561 1187 723 1218 affuissent
745 1186 801 1227 qui
824 1186 909 1216 idem
932 1185 1088 1216 fecissent.

308 1231 380 1267 Sed,
400 1231 485 1262 salva
507 1231 626 1262 horum
649 1230 830 1266 reverentia,
854 1230 945 1260 valde
969 1229 1019 1261 isti
1043 1236 1146 1260 errant
1168 1229 1200 1259 in
1224 1239 1318 1260 sensu
1345 1241 1347 1264 ᾗ

1345 1266 1347 1295 ¹,
1371 1274 1738 1315 acceptionisxindirecte,
1756 1276 1882 1306 adverte
1899 1276 1986 1316 quod
2002 1278 2133 1313 Auctor,
2150 1277 2304 1308 immotus
2320 1287 2338 1307 a
2355 1277 2439 1317 prin-

251 1319 328 1350 Plus
351 1319 438 1350 enim
463 1319 496 1350 in
520 1320 630 1361 primis
657 1326 704 1350 est
730 1329 824 1350 causa
847 1329 903 1358 per
925 1329 1022 1359 quam
1046 1317 1082 1348 fit
1105 1327 1203 1358 quam
1226 1328 1320 1348 causa
1345 1320 1347 1327 ¹

222 1363 495 1405 ‚sineqna‘non
520 1363 622 1394 fieret:
646 1363 802 1404 quoniam
823 1362 882 1393 ista
904 1363 986 1393 inter
1009 1372 1117 1393 causas
1142 1372 1207 1392 non
1233 1372 1320 1393 com·
1345 1366 1347 1389 L

251 1275 336 1306 illius
353 1276 518 1312 maximae,
539 1282 570 1306 et
593 1282 823 1316 consequenter
845 1274 940 1315 longe
956 1274 1100 1305 aberrant
1118 1273 1318 1313 applicando.

251 1414 398 1458 putatur,
422 1408 475 1438 illa
498 1418 570 1438 vere
598 1415 644 1438 est
667 1417 778 1443 causa,
803 1414 839 1437 ut
864 1413 950 1457 patet
976 1407 1008 1437 in
1036 1406 1248 1446 philosophia.
1279 1406 1321 1437 Et

251 1450 286 1483 in
306 1452 476 1493 proposito
493 1461 587 1482 causa
609 1451 743 1482 iniustae
758 1451 949 1491 acceptionis
969 1458 1016 1481 est
1031 1460 1253 1491 quaecumque
1277 1450 1320 1480 ef-

252 1541 361 1572 subdit
381 1543 504 1571 Auctor
526 1541 615 1581 quod
637 1540 710 1570 ideo
733 1540 928 1580 quandoque
943 1538 1089 1569 adulator
1105 1547 1170 1568 non
1186 1545 1320 1575 tenetur,

252 1584 330 1625 quia
351 1585 547 1626 quandoque
570 1594 636 1615 non
659 1590 706 1614 est
729 1594 823 1614 causa
846 1582 964 1614 efficax.
994 1582 1052 1618 Et,
1077 1589 1112 1612 ut
1136 1592 1249 1613 omnes
1272 1582 1319 1612 in-

251 1628 404 1669 telligant,
420 1628 446 1659 si
462 1629 535 1670 quis
549 1629 664 1660 habeat
682 1628 802 1658 multos
816 1627 966 1663 famulos,
987 1633 1017 1657 et
1039 1626 1209 1666 praecipiat
1232 1628 1320 1667 quod

252 1673 399 1704 occidant
419 1673 517 1704 talem
537 1673 657 1709 virum;
689 1678 738 1705 et.
763 1671 893 1712 singulis
916 1670 1119 1702 existentibus
1143 1671 1258 1710 paratis
1281 1672 1321 1702 ad
1346 1687 1347 1695 1

252 1716 316 1748 hoc
337 1723 370 1748 et
391 1717 635 1752 sufficientibus,
660 1716 686 1746 si
710 1726 794 1746 unus
817 1725 930 1746 eorum
953 1715 1041 1745 solus
1065 1715 1156 1745 illum
1181 1715 1319 1752 occidat;

251 1761 412 1802 numquid
434 1771 501 1791 non
524 1768 572 1792 est
593 1771 667 1791 vera
685 1770 779 1791 causa
797 1759 932 1791 iniustae
947 1759 1140 1799 acceptionis
1155 1757 1256 1790 vitae?
1279 1760 1320 1790 Et

251 1812 377 1837 tenetur
398 1805 444 1836 illi
467 1805 507 1836 ad
529 1805 780 1837 restitunonem:
805 1814 864 1835 nec
886 1810 1053 1835 excusatur
1075 1814 1094 1834 a
1115 1803 1322 1834 restitutionis

252 1849 383 1881 vinculo
405 1849 480 1889 plus
500 1859 600 1891 quam
623 1859 641 1879 a
663 1859 768 1889 poena
786 1848 907 1884 mortis,
925 1858 943 1878 a
962 1857 1026 1888 qua
1040 1854 1161 1878 certum
1185 1855 1231 1878 est
1254 1858 1320 1878 non

252 1893 394 1926 excusari
415 1894 492 1935 quia
513 1893 648 1924 omnino
671 1893 764 1924 multi
788 1893 840 1923 alii
862 1892 970 1933 ipsum
993 1891 1191 1922 occidissent.
1215 1892 1320 1923 Habet

253 1988 290 2014 ut
304 1983 434 2014 veniant
447 1982 621 2014 scandala.-
643 1987 853 2012 veruntamen
871 1991 931 2011 vae
952 1981 1072 2011 homini
1088 1980 1136 2011 illi
1147 1990 1212 2020 per
1225 1991 1318 2021 quem

253 2028 350 2060 venit.
378 2026 430 2058 Ad
451 2026 672 2057 affirmativam
694 2031 821 2065 oportet
844 2035 919 2065 ergo
948 2024 1116 2064 respicere,
1140 2034 1180 2055 an
1203 2025 1320 2056 scilicet

252 2071 312 2102 iste
334 2070 448 2102 efficiat
473 2070 624 2101 iniustam
648 2069 884 2110 acceptionem:
917 2075 948 2100 et
971 2079 1038 2099 non
1061 2069 1101 2098 ad
1124 2069 1318 2109 negativam,

253 2125 295 2146 an
317 2115 435 2146 scilicet
458 2125 525 2146 non
547 2114 658 2146 fuisset
680 2114 759 2144 facta
784 2114 850 2144 sine
870 2113 950 2154 ipso.
975 2113 1118 2144 Tenetur
1140 2113 1226 2143 enim
1250 2114 1320 2154 qui·
1345 2115 1346 2120 ’

252 2159 331 2191 libet
352 2159 474 2190 ratione
497 2169 573 2189 suae
596 2158 803 2199 operationis:
829 2167 886 2188 nec
909 2164 1074 2188 excusatur
1093 2157 1168 2198 quia
1185 2159 1319 2188 omnino

253 2204 316 2235 hoc
332 2203 413 2234 alius
428 2203 560 2234 fecisset.
578 2202 663 2234 Cum
680 2212 754 2242 ergo
769 2202 935 2232 vinculum
949 2201 1155 2232 restitutionis
1172 2209 1322 2243 sequatur

254 2247 472 2299 operationem
497 2247 617 2287 agentis
640 2246 770 2287 quando
794 2256 831 2276 ex
851 2246 969 2281 iniusta
989 2246 1172 2285 acceptione
1189 2256 1320 2277 consur-

253 2291 316 2333 git,
332 2291 400 2322 sine
415 2291 506 2322 omni
529 2291 628 2322 dubio
644 2297 767 2322 constat
782 2283 875 2331 quod
887 2297 971 2320 extra
991 2290 1148 2330 obligatos
1171 2291 1211 2321 ad
1232 2291 1321 2321 resti-

253 2336 412 2368 tutionem
432 2346 498 2366 non
515 2342 588 2371 sunt
604 2334 669 2376 qui,
685 2335 758 2365 licet
773 2334 852 2365 nihil
874 2334 1041 2364 habuerint
1063 2342 1093 2365 et
1111 2335 1164 2365 alii
1185 2336 1320 2366 omnino

253 2381 316 2412 hoc
337 2380 423 2411 idem
447 2379 602 2415 fecissent,
619 2379 752 2409 ministri
775 2378 905 2409 fuerunt
927 2379 1055 2419 iniquae
1071 2379 1274 2419 acceptionis,

1426 439 1467 469 Et
1490 449 1526 469 ex
1542 439 1603 469 hoc
1626 446 1712 479 patet
1735 440 1824 480 quod
1844 440 2021 470 secundum
2043 440 2179 471 iustitiae
2197 440 2342 480 rigorem,
2367 440 2437 481 qui-

1370 482 1445 512 libet
1461 483 1560 519 miles,
1577 483 1708 523 quilibet
1726 484 1821 523 pedes
1841 484 1874 514 in
1893 485 1977 514 bello
1993 484 2156 515 manifeste
2172 484 2290 515 iniusto
2313 491 2438 515 tenetur

1371 525 1404 555 in
1428 526 1567 556 solidum
1591 528 1629 557 de
1653 528 1743 558 omni
1767 529 1885 558 damno
1914 529 2003 569 quod
2025 529 2216 565 intulerunt,
2240 538 2306 558 non
2330 529 2438 570 minus

1372 579 1469 609 quarn
1493 580 1568 600 cum
1592 571 1684 602 multi
1701 572 1777 602 socii
1794 573 1833 602 ad
1852 573 2041 612 rapiendum
2058 579 2266 613 concurrunt:
2291 572 2437 612 quamvis

253 660 316 692 Vd
335 667 370 691 tu
426 659 434 666 .
460 659 567 690 uidem
596 659 679 688 male
701 658 859 689 intellecta
886 665 916 688 et
943 657 1098 698 applicata
1141 664 1177 688 ut
1205 657 1319 698 scripta
1345 643 1347 664 ¹,
1372 613 1515 643 exhibere
1540 614 1694 645 damnum
1709 616 1807 655 passis
1831 617 1970 656 pretium
1988 627 2054 647 non
2071 624 2236 648 teneantur
2252 616 2311 647 nisi
2327 626 2437 647 secun-

283 671 293 690 ι
318 670 334 691 e
372 670 387 690 r
410 670 458 700 Slq
908 690 911 694 ,
1109 681 1116 694 ,

1373 657 1451 687 dum
1481 657 1642 688 facultates
1667 669 1754 695 suas,
1779 660 1966 700 impotentia
1994 661 2065 691 illos
2094 664 2271 692 excusante.
2302 660 2437 691 Ministri

1373 710 1503 741 quoque
1528 701 1620 738 furis,
1646 703 1794 743 raptoris,
1820 705 1952 735 usurarii
1976 712 2006 736 et
2028 705 2230 742 huiusmodi,
2255 705 2310 746 qui
2334 705 2437 735 deser-

1371 745 1472 780 viunt,
1497 745 1561 775 sive
1585 753 1697 786 sponte
1716 747 1780 777 sive
1805 749 1947 779 mercede
1972 750 2130 785 conducti,
2155 750 2219 779 ad
2210 759 2335 790 1n1quas
2351 759 2437 779 acce-

1373 788 1514 829 ptiones,
1540 790 1596 820 etsi
1627 790 1705 820 nihil
1734 791 1774 821 ad
1798 801 1851 822 eos
1876 793 2037 829 deveniat,
2061 801 2207 824 tenentur
2236 793 2269 823 in
2298 793 2438 824 solidum

1346 871 1347 875 Ἰ
1373 833 1493 863 ratione
1517 833 1652 864 iniustae
1667 835 1859 877 acceptionis
1882 847 1980 876 quarn
1996 837 2172 869 effecerunt.
2198 838 2275 868 Esto
2293 847 2367 877 ergo
2392 837 2438 867 di-

1346 911 1347 915 *
1372 877 1471 917 ligens
1500 884 1654 908 scrutator
1681 878 1714 908 in
1743 879 1982 918 particularibus
2006 882 2145 918 casibus,
2170 889 2206 912 ut
2233 881 2388 912 discernas
2413 881 2438 912 si

1346 957 1347 964 ἵ
1373 921 1529 951 ministrat
1551 921 1584 951 in
1600 922 1782 962 acceptione
1806 934 1928 960 usurae,
1954 924 2037 960 furti,
2055 933 2124 962 etc„
2149 935 2188 955 an
2203 925 2237 955 in
2253 925 2333 955 aliis:
2359 935 2439 966 quo-

1346 969 1355 1006 s
1373 965 1460 995 niam
1482 965 1555 995 hinc
1574 966 1683 996 omnia
1706 967 1854 1006 pendent.
1879 968 1967 998 Paria
1982 969 2138 1009 siquidem
2155 976 2229 1000 sunt
2243 970 2350 1009 quoad
2369 979 2438 1010 per-

1346 1034 1347 1051 ]
1374 1019 1487 1039 sonam
1510 1009 1700 1049 accipientis,
1725 1010 1786 1041 hoc
1810 1018 1856 1042 est
1879 1013 1987 1051 quoad
2011 1013 2082 1053 quis
2105 1013 2240 1053 accepit,
2265 1013 2360 1043 furari
2384 1024 2439 1053 per

252 1055 326 1086 loco
349 1065 487 1095 quarum
509 1056 644 1086 omnino
667 1055 800 1085 fuissent
814 1054 904 1090 aliae,
928 1061 964 1084 ut
987 1053 1122 1083 ministri
1145 1053 1185 1083 ad
1209 1062 1320 1083 usuras
1346 1054 1347 1064 ³

1373 1098 1528 1128 mediator
1544 1098 1657 1138 accipit
1672 1098 1823 1134 alienum,
1836 1099 1908 1130 licet
1923 1110 1988 1130 non
2004 1111 2062 1140 pro
2079 1111 2122 1131 se.
2143 1102 2183 1132 Et
2199 1111 2254 1141 per
2268 1101 2339 1139 hoc,
2355 1108 2440 1132 utro-

1345 1169 1347 1175 ,
1372 1142 1468 1182 bique
1496 1149 1620 1172 tenetur
1642 1142 1709 1182 ipse
1733 1144 1772 1173 ad
1797 1144 2029 1175 restitutionem
2053 1145 2083 1174 in
2108 1145 2264 1181 solidum,
2296 1145 2370 1185 quia
2394 1153 2439 1176 est

1373 1054 1472 1084 alium
1495 1061 1526 1084 et
1550 1063 1660 1084 usuras
1683 1054 1823 1094 accipere
1852 1066 1907 1095 per
1930 1056 2043 1086 alium:
2075 1058 2245 1098 utrobique
2273 1057 2358 1087 enim
2385 1057 2438 1087 ille

1374 1196 1467 1216 causa
1490 1186 1624 1216 iniustae
1648 1187 1849 1227 acceptionis.

1429 1230 1465 1261 II.
1491 1230 1526 1260 ln
1550 1231 1664 1261 eodem
1687 1230 1830 1267 articulo,
1854 1231 1935 1262 circa
1951 1241 2024 1262 eum
2048 1232 2103 1272 qui
2128 1239 2174 1263 est
2198 1243 2288 1263 causa
2305 1233 2439 1263 iniustae

1372 1318 1461 1359 cipiis
1478 1319 1597 1350 traditis
1613 1319 1645 1349 in
1661 1319 1860 1358 praecedenti
1880 1320 1975 1350 Libro
1991 1320 2018 1356 *,
2036 1321 2113 1351 duas
2133 1321 2328 1352 conditiones
2348 1321 2441 1361 exigit

1371 1363 1411 1393 ad
1430 1363 1491 1393 hoc
1515 1363 1605 1404 quod
1620 1363 1733 1404 aliquis
1750 1364 1788 1394 sit
1808 1364 1941 1394 iniustae
1958 1365 2148 1405 acceptionis
2165 1376 2257 1396 causa
2273 1366 2437 1396 indirecte:

1372 1407 1475 1447 prima
1498 1415 1544 1438 est
1567 1408 1656 1448 quod
1679 1408 1779 1447 possit
1801 1408 1970 1448 impedire;
1995 1410 2132 1439 secunda
2149 1417 2195 1440 est
2217 1410 2305 1450 quod
2329 1410 2440 1441 debeat

251 1495 318 1527 figit
337 1506 439 1539 wsgm
463 1488 680 1536 acceptionem
702 1495 864 1526 iniustam
888 1495 981 1526 Unde
1005 1501 1036 1525 et
1057 1494 1090 1524 in
1105 1493 1167 1524 hoc
1186 1494 1320 1524 articulo
1345 1482 1347 1494 h
1371 1451 1536 1491 impedire.
1560 1452 1634 1482 Non
1659 1452 1744 1482 enim
1767 1452 1943 1492 imputatur
1965 1454 2087 1483 malum
2107 1454 2218 1494 culpae
2242 1453 2335 1484 alicui
2358 1454 2438 1484 indi-

1372 1503 1456 1526 recte
1478 1495 1537 1525 nisi
1567 1496 1643 1535 quia
1674 1503 1778 1536 potest
1806 1503 1836 1527 et
1859 1497 1951 1527 debet
1981 1498 2119 1528 obstare:
2144 1505 2179 1528 ut
2208 1498 2339 1534 ibidem,
2365 1509 2439 1529 cum

1345 1540 1347 1577 s
1373 1540 1411 1570 de
1423 1539 1604 1570 voluntario
1621 1547 1812 1576 tractaretur,
1826 1540 1947 1571 dictum
1959 1548 2013 1571 est.
2031 1541 2205 1572 Considera
2217 1552 2292 1581 ergo
2308 1544 2438 1583 quando

1345 1582 1347 1623 ξ
1373 1584 1444 1624 quis
1460 1591 1646 1623 praecepte,
1672 1584 1815 1619 consilio,
1840 1584 1968 1619 auxilio,
1991 1585 2258 1622 manifestatione,
2282 1594 2387 1626 potest
2410 1594 2440 1618 et

1372 1635 1497 1658 tenetur
1519 1627 1672 1667 impedire
1696 1628 1835 1664 furtum,
1860 1628 2021 1668 rapinam,
2046 1629 2206 1666 fraudem,
2224 1637 2299 1660 etc.:
2324 1638 2355 1661 et
2378 1631 2439 1661 dis-

1373 1682 1480 1703 cernes
1503 1672 1633 1712 quando
1650 1678 1774 1703 tenetur
1790 1673 1829 1702 ad
1846 1673 2077 1703 restitutionem
2102 1681 2132 1704 et
2154 1674 2282 1714 quando
2299 1685 2374 1707 non.
2399 1676 2440 1706 Et

1373 1727 1412 1747 ne
1436 1716 1492 1747 tibi
1515 1716 1577 1746 hoc
1601 1715 1727 1746 difficile
1750 1716 1907 1753 videatur,
1931 1720 2053 1748 Auctor
2074 1717 2106 1747 in
2130 1718 2231 1748 littera
2254 1718 2329 1749 dicit
2351 1720 2440 1759 quod

1372 1761 1435 1791 hoc
1458 1761 1564 1791 solum
1588 1760 1700 1790 accidit
1723 1761 1852 1800 quando
1877 1761 1970 1792 alicui
1993 1761 2149 1792 incumbit
2172 1762 2234 1793 hoc
2257 1772 2294 1792 ex
2317 1762 2437 1794 officio:

1373 1812 1408 1836 ut
1431 1811 1518 1844 patet
1541 1814 1578 1834 ex
1600 1805 1806 1844 responsione
1830 1805 1870 1835 ad
1893 1805 2033 1836 tertium.

1429 1850 1481 1880 111.
1506 1849 1540 1878 In
1566 1849 1679 1878 eodem
1703 1849 1853 1885 articulo,
1884 1849 1916 1879 in
1941 1850 2148 1889 responsione
2175 1851 2215 1880 ad
2242 1851 2438 1887 secundum,

1372 1893 1476 1924 videre
1502 1900 1594 1933 potes
1627 1893 1750 1933 primo,
1786 1903 1884 1933 quam
1915 1894 2080 1925 conforme
2109 1894 2149 1924 sit
2179 1894 2268 1925 dictis
2291 1896 2439 1925 Auctoris

1372 1938 1460 1978 quod
1491 1937 1524 1967 in
1548 1937 1748 1978 praecedenti
1778 1937 1910 1968 articulo
1934 1938 1952 1957 *
1975 1939 2013 1968 de
2036 1938 2180 1978 obligatis
2204 1939 2244 1969 ad
2271 1939 2438 1970 refunden-

1371 1983 1451 2012 dum
1466 1981 1642 2012 restituenti
1665 1982 1813 2012 diximus.
1838 1982 1912 2012 Duo
1936 1992 2075 2023 namque
2090 1992 2205 2022 genera
2223 1983 2369 2014 nominat
2388 1984 2439 2015 hic

1371 2029 1493 2057 Auctor
1516 2026 1702 2056 huiusmodi
1722 2026 1951 2066 obligatorum:
1977 2027 2093 2057 scilicet
2107 2036 2220 2057 eorum
2235 2027 2290 2067 qui
2310 2027 2439 2059 fuerunt

1371 2070 1560 2111 principales
1575 2070 1609 2100 in
1625 2070 1725 2106 facto;
1751 2077 1781 2100 et
1804 2080 1917 2101 eorum
1940 2070 1980 2100 ad
2003 2081 2086 2111 quos
2107 2081 2156 2101 res
2175 2071 2326 2110 pervenit.
2349 2072 2437 2102 Prin-

1372 2115 1488 2155 cipales
1517 2124 1656 2155 namque
1686 2121 1760 2144 sunt
1786 2114 1971 2145 inducentes
2002 2115 2096 2151 alios,
2126 2123 2156 2146 et
2182 2125 2282 2156 aeque
2309 2123 2438 2156 sponta—

1372 2159 1434 2194 nei,
1451 2165 1509 2189 etc.

1427 2203 1686 2233 Animadvertere
1716 2212 1864 2243 quoque,
1896 2203 2053 2239 secundo,
2078 2210 2185 2243 potes,
2215 2203 2249 2234 in
2281 2204 2436 2244 principio

1371 2246 1604 2287 responsionis,
1629 2246 1719 2286 quod
1742 2247 1840 2286 paulo
1864 2247 2010 2286 superius
2025 2247 2042 2266 *
2068 2248 2107 2278 de
2131 2247 2324 2287 obligatione
2343 2248 2438 2278 mini-

1371 2298 1520 2330 strorum,
1535 2291 1682 2321 diximus.
1707 2291 1791 2321 Nam
1806 2293 1929 2321 Auctor
1951 2292 2092 2322 secundo
2112 2292 2185 2322 loco
2205 2292 2297 2331 ponit
2320 2292 2438 2332 obliga-

1372 2342 1443 2366 tum
1470 2335 1511 2365 ad
1539 2335 1774 2365 restitutionem
1804 2342 2006 2366 executorem
2030 2335 2163 2366 iniustae
2187 2336 2378 2376 acceptionis
2403 2347 2439 2367 ex

1374 2386 1543 2419 praecepto
1568 2379 1706 2410 alterius.

1033 2532 1247 2575 ARTICU
1254 2533 1352 2575 LUS
1382 2532 1657 2575 OCTAVUS

586 2623 742 2655 UTRUM
765 2623 1004 2655 TENEATUR
1026 2624 1198 2662 ALIQUIS
1222 2625 1385 2656 STATIM
1409 2604 1694 2662 RESTITUERE,
1719 2626 1778 2656 AN
1802 2625 1946 2656 LICITE
1969 2625 2116 2656 POSSIT

1047 2669 1409 2700 RESTITUTIONEM
1432 2669 1647 2700 DIFFERRE

985 2747 1020 2772 IV
1039 2747 1122 2777 Sent„
1141 2747 1200 2773 dist.
1218 2755 1278 2778 xvxi,
1298 2756 1343 2780 qu.
1361 2755 1398 2778 ιιι,
1418 2753 1464 2773 art.
1487 2756 1508 2779 1,
1528 2748 1577 2780 qu²
1595 2756 1622 2780 4,
1641 2748 1673 2773 ad
1694 2747 1717 2772 3.

257 3032 425 3086 obligant
461 3039 509 3076 ad
537 3050 701 3087 semper.
750 3038 826 3076 Sed
862 3038 1065 3075 necessitas
1102 3038 1321 3076 restituendi

256 3091 432 3128 imminet
451 3103 496 3128 ex
514 3099 718 3141 praecepto
739 3087 981 3128 affirmativo.
1011 3093 1113 3140 Ergo
1133 3104 1211 3129 non
1227 3091 1320 3129 obli-

258 3151 366 3193 gatur
391 3144 512 3181 homo
542 3144 591 3181 ad
619 3144 743 3182 statim
773 3144 1062 3182 restituendum.

313 3209 349 3234 2.
371 3198 613 3244 ΡΜΕΤΕΒΕΑ,
642 3198 765 3236 nullus
802 3205 951 3235 tenetur
987 3197 1037 3235 ad
1072 3197 1319 3246 impossibile.

260 3250 337 3288 Sed
365 3250 599 3299 quandoque
626 3251 759 3299 aliquis
787 3263 866 3288 non
893 3258 1019 3300 potest
1054 3250 1180 3288 statim
1217 3251 1321 3288 resti-

259 3311 376 3340 tuere.
398 3304 499 3351 Ergo
520 3304 645 3340 nullus
663 3311 812 3341 tenetur
826 3304 875 3341 ad
894 3304 1018 3341 statim
1034 3304 1319 3341 restituendum.

316 3358 349 3394 3.
379 3357 612 3403 PRAETEREA,
643 3357 825 3394 restitutio
856 3364 911 3394 est
939 3357 1092 3406 quidam
1122 3364 1227 3394 actus
1246 3357 1321 3394 vir-

259 3409 359 3457 tutis,
388 3409 525 3446 scilicet
543 3409 717 3446 iustitiae.
747 3410 922 3459 Tempus
950 3418 1078 3447 autem
1104 3417 1159 3447 est
1178 3422 1254 3447 una
1274 3410 1320 3447 de

316 3541 344 3574 α)
363 3542 434 3568 Non.
446 3556 464 3561 -
484 3543 558 3576 Ergo
578 3549 630 3567 non
650 3542 793 3573 ABEFKL,
812 3542 884 3574 quod
903 3549 953 3567 non
973 3550 1019 3575 px.

1372 2827 1662 2864 circumstantiis
1678 2839 1777 2875 quae
1798 2827 2038 2876 requiruntur
2052 2828 2100 2864 ad
2121 2835 2226 2864 actus
2239 2827 2436 2865 virtutum.

1374 2880 1474 2917 Cum
1507 2880 1618 2928 igitur
1646 2880 1742 2916 aliae
1772 2880 2075 2917 circumstantiae
2109 2893 2188 2917 non
2217 2880 2288 2917 sint
2316 2881 2436 2918 deter-

1372 2933 1539 2970 minatae
1567 2933 1606 2970 in
1635 2932 1780 2969 actibus
1799 2933 2005 2980 virtutum,
2034 2933 2102 2970 sed
2130 2933 2437 2971 determinabiles

1373 2986 1585 3022 secundum
1606 2986 1794 3023 rationem
1813 2986 2058 3035 prudentiae3
2078 2986 2228 3023 videtur
2243 2987 2346 3035 quod
2366 2999 2438 3023 nec

1373 3038 1411 3075 in
1431 3039 1665 3075 restitutione
1680 3039 1726 3075 sit
1745 3047 1897 3087 tempus
1913 3039 2219 3086 determinatum,
2239 3048 2281 3076 ut
2298 3039 2438 3076 scilicet

1374 3091 1508 3139 aliquis
1537 3099 1710 3128 teneatur
1738 3093 1788 3129 ad
1816 3092 1938 3129 statim
1969 3092 2255 3130 restituendum.

1429 3145 1503 3181 Sl-:n
1524 3156 1670 3182 CONTRA
1689 3157 1756 3182 Esr
1774 3146 1880 3194 quod
1909 3145 2044 3182 eadem
2071 3145 2164 3182 ratio
2185 3158 2268 3182 esse
2286 3146 2438 3183 videtur

1374 3197 1412 3234 in
1441 3197 1620 3235 omnibus
1649 3210 1746 3246 quae
1774 3206 1861 3235 sunt
1888 3198 2128 3235 restituenda.
2177 3199 2255 3236 Sed
2281 3198 2341 3235 ille
2371 3198 2437 3246 qui

1375 3251 1552 3288 conducit
1593 3263 1712 3300 opera
1754 3251 1978 3288 mercenarii
2015 3263 2093 3288 non
2133 3259 2258 3300 potest
2286 3251 2436 3288 differre

1374 3304 1671 3341 restitutionem:
1714 3311 1756 3341 ut
1783 3312 1886 3353 patet
1922 3317 1990 3352 per
2018 3304 2107 3341 illud
2140 3304 2244 3353 quod
2277 3305 2437 3341 habetur

1374 3357 1492 3394 Levil.
1513 3369 1573 3394 xlx
1591 3357 1629 3394 *z
1652 3358 1743 3394 Non
1765 3363 1782 3378 ‘²
1801 3358 2011 3394 morabitur
2029 3369 2122 3405 opus
2140 3358 2368 3394 mercenarii
2384 3357 2438 3393 tui

1374 3411 1478 3459 apud
1504 3416 1538 3447 te
1566 3422 1681 3459 usque
1708 3422 1830 3447 mane.
1875 3411 1976 3458 Ergo
2007 3422 2131 3458 neque
2159 3410 2197 3447 in
2225 3410 2304 3447 aliis
2334 3409 2436 3447 resti-

2466 1327 2476 1336 ·
2488 1326 2534 1353 Qu.
2547 1332 2575 1352 vi,
2586 1330 2626 1347 art.
2637 1333 2658 1354 3.

2466 1941 2677 1964 ‘Commenannm

2463 2250 2473 2260 ⁸
2488 2249 2557 2271 Num.
2572 2255 2589 2271 1.

2465 3365 2473 3372 ⁸
2488 3363 2553 3384 Vers.
2569 3369 2596 3391 ¹3·
