2860 4244
331 1443 336 1446 '
389 1444 553 1467 runtamen
578 1437 654 1468 scito
681 1437 773 1478 ⁴quod
797 1437 1016 1475 communiter,
1031 1438 1106 1468 istae
1129 1437 1349 1468 inclinationes
1379 1447 1445 1469 non

153 2844 160 2852 ⁸
183 2845 279 2866 Ptolom.
302 2844 361 2866 Cen-

153 2871 227 2899 tiloq„
242 2877 307 2899 prop.
322 2878 344 2893 v.

368 1183 371 1185 ·
391 1174 436 1204 ita
458 1173 542 1214 quod
572 1183 613 1204 ex
636 1183 700 1204 una
724 1174 929 1204 inclinatione
952 1174 1123 1204 inclinetur
1144 1172 1187 1203 ad
1209 1173 1327 1202 omnia.
1358 1172 1446 1202 Haec

402 267 474 303 322
1062 260 1326 307 QUAESTIO
1355 259 1477 306 XCV,

451 344 517 374 Nec
536 349 639 373 tamen
658 348 786 382 propter
799 341 875 371 haec
898 350 979 380 quae
999 339 1079 369 dicta
1094 345 1167 368 sunt
1190 336 1244 379 (ne
1267 335 1450 377 profitentes
1476 337 1478 376 ζ

398 386 630 427 philosophiam
649 385 807 416 derideant
821 384 974 414 rationem
987 383 1077 423 quasi
1093 379 1357 422 insufficientem),
1375 390 1449 420 sup·
1475 392 1477 431 ’ἢ

397 431 543 471 ponenda
572 436 644 460 sunt
667 428 800 459 casualia
827 438 881 458 seu
906 426 1033 457 fortuita
1057 425 1241 465 corporibus
1265 423 1449 455 caelestibus
1475 433 1477 471 ᾗ

398 474 544 505 omnibus
573 473 667 503 simul
697 471 840 511 sumptis.
874 470 1036 508 Quoniam
1066 469 1241 499 secundum
1268 468 1447 503 veritatem,
1474 506 1476 516 A

397 529 414 548 a
436 525 503 548 toto
528 518 612 547 caelo
636 526 700 546 non
725 515 897 545 necessario
922 513 1069 544 eveniunt
1092 513 1182 548 haec,
1206 519 1336 552 propter
1359 519 1448 542 natu·
1474 539 1476 542 .

396 572 463 592 ram
486 561 651 601 possibilis,
676 569 730 589 seu
754 559 912 598 potentiae
936 557 1190 591 contradictionis
1199 575 1209 591 ,ι
1231 556 1392 586 inventam
1415 556 1448 586 in
1474 566 1476 602 f

395 605 460 636 istis
483 604 690 639 inferioribus,
708 612 788 643 quae
812 610 885 633 sunt
907 601 1036 632 materia
1059 601 1222 632 actionum
1247 600 1446 630 caelestium:

396 656 430 679 ut
452 648 568 678 ibidem
591 647 781 677 declaratum
806 653 860 676 est.

448 693 499 722 IV.
516 686 720 730 Excipiuntur
737 700 810 729 ergo
827 701 844 719 a
861 688 1039 719 caelestium
1058 698 1229 728 corporum
1246 687 1392 717 omnium
1408 687 1446 717 si-

395 736 462 766 mul
486 734 659 766 actionibus
676 734 847 764 necessario
865 732 1068 763 inferentibus
1092 731 1228 767 effectus,
1246 732 1311 762 duo
1334 741 1446 770 genera
1473 759 1474 775 χ

394 786 512 809 rerum:
538 778 652 809 scilicet
674 778 756 808 entia
772 787 827 817 per
843 777 994 812 accidens,
1013 775 1147 806 casualia
1171 776 1220 805 vel
1244 775 1388 810 fortuita;
1417 781 1447 805 et
1473 782 1475 815 ξ

393 823 499 853 omnia
522 822 697 852 voluntaria
720 828 755 851 ut
778 821 830 852 sic.
855 821 994 860 Utraque
1019 827 1122 850 tamen
1143 819 1326 850 caelestibus
1346 819 1446 849 causis
1473 818 1474 837 ³

392 865 642 906 subessealiquo
660 866 840 901 modonon
856 871 902 895 est
918 865 1108 904 negandum.
1133 863 1302 903 Quoniam¹
1311 863 1447 893 casualia
1472 871 1474 906 j

392 921 426 940 ac
445 910 572 940 fortuita
591 910 764 939 secundum
783 915 885 949 partes
901 915 1023 939 constat
1039 909 1078 938 ad
1093 907 1309 938 inclinationes
1326 906 1446 947 aliquas
1472 940 1473 945 ¹

392 964 427 984 ex
444 954 528 984 caelo
545 953 695 984 derivatas
710 954 813 993 sequi:
832 960 867 983 ut
882 955 1001 983 Auctor
1018 962 1159 992 expresse
1172 951 1246 982 dicit
1261 951 1293 981 in
1310 951 1390 981 libro
1405 951 1445 980 III
1472 962 1473 970 ¹

395 998 514 1028 Contra
539 997 647 1034 Gent.‚
673 1007 739 1037 cap.
765 1007 840 1033 xcn,
865 997 986 1026 dicens:
1010 997 1115 1027 Potest
1138 1005 1206 1026 esse
1228 995 1312 1036 quod
1334 1005 1376 1026 ex
1398 996 1451 1026 in--

391 1042 559 1072 clinatione
582 1042 709 1072 caelesti
732 1042 907 1072 inclinatur
922 1041 1039 1081 aliquis
1062 1041 1105 1071 ad
1127 1040 1307 1081 eligendum
1324 1039 1446 1080 aliquid

391 1087 442 1116 cui
465 1087 681 1126 coniungatur
704 1095 766 1126 per
788 1085 935 1116 accidens
958 1085 1088 1125 aliquod
1111 1084 1326 1121 commodum,
1351 1089 1382 1114 et
1403 1093 1446 1114 ex

391 1130 456 1160 alia
480 1129 684 1160 inclinatione
706 1129 814 1167 aliud,
839 1134 868 1160 et
897 1139 938 1160 ex
967 1130 1060 1159 tertia
1083 1129 1228 1159 tertium:
1252 1138 1313 1159 non
1337 1133 1444 1158 autem

389 1217 450 1247 ille.
483 1217 574 1247 Unde
597 1217 692 1247 habes
716 1217 804 1258 quod
819 1227 883 1248 non
900 1217 1016 1255 minus,
1033 1217 1087 1246 sed
1111 1216 1212 1246 maius
1228 1223 1274 1247 est
1291 1215 1444 1246 iudicium

390 1261 428 1291 de
445 1271 600 1291 concursu
617 1271 780 1292 causarum
797 1261 978 1292 caelestium
997 1260 1195 1291 causantium
1210 1260 1445 1291 inclinationes:

390 1312 420 1335 et
443 1306 530 1345 quod
554 1312 658 1345 potest
676 1305 771 1336 simul
787 1315 971 1335 concurrere
985 1304 1148 1335 inclinatio
1165 1305 1204 1334 ad
1219 1304 1446 1335 inveniendum

389 1349 572 1379 thesaurum
601 1359 675 1380 cum
698 1349 900 1380 inclinatione
924 1350 962 1379 ad
986 1348 1172 1379 fodiendum
1195 1355 1346 1388 puteum,
1371 1359 1445 1380 cum

390 1403 453 1423 non
478 1393 518 1423 sit
540 1393 640 1423 maior
659 1393 738 1424 ratio
755 1394 793 1424 de
809 1403 964 1424 concursu
980 1393 1092 1423 harum
1109 1403 1207 1433 quam
1222 1393 1364 1424 aliarum.
1385 1393 1446 1424 Ve-

389 1487 502 1511 exeunt
524 1481 619 1511 simul
642 1481 674 1511 in
691 1491 797 1522 opera,
813 1482 866 1512 sed
883 1481 1040 1512 concurrit
1057 1481 1269 1512 communiter
1283 1481 1445 1513 inclinatio

389 1525 465 1555 caeli
488 1535 562 1555 cum
585 1525 690 1566 aliqua
709 1525 830 1556 actione
854 1526 996 1556 ordinata
1019 1526 1058 1556 ad
1083 1525 1246 1565 cognitum
1269 1525 1375 1557 finem.
1401 1526 1446 1557 Ita
1471 1554 1473 1559 .

388 1569 475 1610 quod
503 1569 660 1606 Socrates,
685 1570 771 1600 verbi
793 1570 908 1610 gratia,
932 1569 1099 1600 inclinatus
1126 1570 1166 1600 ad
1194 1570 1446 1601 submersionem

387 1613 420 1643 in
436 1613 535 1654 aquis,
551 1613 730 1644 stimulatur
750 1624 805 1654 per
820 1614 955 1645 modum
975 1613 1131 1654 passionis
1147 1614 1186 1644 ad
1203 1614 1346 1645 eundum
1361 1614 1446 1646 iuxta

388 1667 485 1698 aquas
507 1657 557 1687 vel
585 1657 616 1687 in
641 1668 756 1698 aquas,
781 1658 922 1689 nesciens
954 1665 1084 1698 propter
1111 1658 1189 1699 quid
1216 1658 1259 1690 ita
1282 1658 1444 1690 incitatur:

388 1708 419 1731 et
434 1708 564 1741 propter
575 1701 707 1742 aliquod
723 1703 888 1742 negotium
900 1712 1066 1733 occurrens
1081 1702 1215 1742 navigat,
1228 1703 1278 1733 vel
1293 1703 1333 1732 ad
1349 1713 1446 1743 aquas
1472 1708 1473 1728 l

387 1745 472 1775 vadit
495 1755 532 1776 ex
555 1745 617 1776 alio
640 1746 817 1786 proposito,
842 1754 872 1777 et
894 1746 938 1777 sic
961 1746 1182 1787 submergitur.
1211 1747 1252 1777 Et
1274 1746 1376 1778 simile
1399 1754 1446 1778 est
1471 1761 1473 1782 ς

387 1789 420 1819 in
443 1789 520 1821 aliis.
551 1789 613 1820 Ubi
635 1790 722 1821 vides
752 1791 839 1832 quod
864 1790 1039 1821 submersio
1064 1790 1167 1821 euntis
1197 1791 1236 1821 ad
1265 1791 1326 1822 tale
1349 1801 1444 1831 nego·
1471 1798 1473 1834 ξ

387 1833 469 1865 tium
491 1833 534 1864 ibi
558 1840 604 1864 est
627 1834 752 1865 effectus
768 1835 899 1865 casualis
922 1845 977 1865 seu
1001 1834 1151 1865 fortuitus
1170 1841 1201 1865 et
1221 1845 1277 1875 per
1291 1835 1444 1874 accidens,

388 1884 419 1908 et
448 1884 553 1910 toturn
582 1878 644 1910 hoc
666 1889 732 1909 non
762 1879 855 1909 habet
879 1889 975 1909 unam
999 1879 1053 1909 sed
1077 1879 1154 1910 duas
1178 1889 1306 1916 causas,
1329 1880 1446 1912 scilicet
1471 1890 1473 1903 ³

388 1922 510 1952 caelum
534 1929 565 1952 et
589 1923 791 1963 propositum
813 1922 952 1953 hominis
976 1923 1015 1953 ad
1039 1923 1197 1959 eundum;
1229 1930 1259 1954 et
1281 1924 1370 1964 quod
1393 1925 1446 1955 ille

387 1965 486 1996 homo
510 1975 576 1996 non
600 1967 801 1998 necessitatur
824 1978 841 1997 a
865 1967 962 2003 caelo,
986 1967 1041 1997 sed
1063 1966 1210 1998 incitatur
1231 1977 1288 2008 per
1309 1968 1447 2000 modum
1471 1972 1473 1983 ²

387 2009 552 2050 passionis,
577 2011 639 2041 hoc
662 2018 708 2041 est
730 2021 785 2051 per
807 2011 941 2042 modum
966 2021 1032 2052 quo
1055 2011 1110 2047 ira,
1134 2011 1265 2048 tristitia,
1286 2022 1387 2049 amor,
1411 2023 1446 2043 o-
1472 2013 1473 2029 z

388 2053 487 2090 dium,
505 2061 573 2090 etc„
597 2054 705 2085 incitat
727 2055 923 2086 voluntatem
946 2062 1102 2091 nostram;
1127 2062 1158 2086 et
1180 2056 1270 2096 quod
1292 2056 1318 2087 si
1341 2056 1374 2087 in
1388 2057 1445 2088 illo

387 2098 518 2128 homine
534 2105 614 2130 esset
628 2105 703 2130 tunc
727 2109 790 2130 una
805 2099 864 2130 alia
880 2099 1042 2130 inclinatio
1059 2099 1199 2130 caelestis
1218 2100 1257 2130 ad
1274 2101 1334 2131 tale
1350 2110 1447 2141 nego-

387 2141 467 2172 tium
482 2141 526 2172 ibi
541 2143 739 2174 tractandum
755 2143 847 2184 quale
868 2143 920 2174 ille
937 2143 1038 2184 elegit,
1060 2151 1134 2175 tunc
1157 2144 1218 2175 tale
1234 2154 1289 2185 per
1305 2145 1447 2177 accidens

387 2193 467 2216 esset
489 2187 664 2218 secundum
687 2194 854 2228 utramque
878 2187 926 2218 sui
950 2194 1072 2228 partem
1095 2198 1113 2218 a
1136 2188 1235 2227 caelo,
1259 2198 1325 2219 non
1341 2199 1447 2220 neces-

387 2230 478 2266 sario,
502 2232 557 2261 sed
578 2231 772 2268 inclinative;
797 2242 832 2262 ac
854 2242 910 2272 per
932 2232 1004 2268 hoc,
1027 2239 1133 2263 totum
1148 2232 1218 2269 hoc,
1237 2233 1355 2264 scilicet
1374 2235 1447 2265 sub-

388 2274 503 2305 mersio
527 2275 629 2307 euntis
653 2276 692 2306 ad
714 2276 775 2306 tale
798 2275 978 2316 negotium,
1002 2283 1095 2313 esset,
1119 2276 1299 2308 inclinative
1322 2285 1444 2315 tamen,

389 2329 407 2349 a
430 2319 534 2355 caelo,
565 2327 694 2360 propter
717 2330 906 2351 concursum
933 2319 1175 2351 inclinationum
1206 2321 1311 2352 simul.

444 2362 544 2393 Simili
563 2373 693 2404 quoque
715 2365 815 2395 modo
839 2364 988 2395 sortimur
1011 2375 1029 2394 a
1053 2365 1138 2395 caelo
1163 2365 1382 2397 inclinationes
1406 2367 1446 2396 ad
1470 2371 1472 2402 j

389 2405 569 2446 eligendum
586 2408 698 2438 multa:
728 2408 844 2449 quibus
867 2408 1123 2439 inclinationibus
1146 2408 1181 2440 fit
1200 2410 1395 2451 quandoque
1411 2418 1447 2442 ut

388 2449 440 2480 ille
456 2450 622 2481 inclinetur
638 2452 677 2481 ad
697 2452 876 2492 eligendum
896 2459 990 2489 casta,
1007 2453 1084 2483 alter
1098 2463 1240 2490 venerea,
1258 2454 1335 2484 alter
1356 2461 1446 2485 natu·
1470 2446 1472 2488 ἶ

388 2494 473 2531 ralia,
491 2495 567 2525 alter
593 2502 700 2526 contra
723 2503 878 2532 naturam,
897 2496 974 2526 alter
996 2496 1150 2536 religiosa,
1171 2498 1247 2528 alter
1269 2498 1446 2530 ambitiosa.
1470 2503 1472 2528 !

389 2538 516 2569 Habent
539 2539 624 2569 enim
647 2539 814 2571 electiones
837 2546 868 2570 et
891 2550 987 2580 opera
1010 2547 1116 2571 nostra
1140 2551 1198 2581 pro
1223 2542 1324 2572 causis
1347 2527 1453 2582 quarss

389 2582 496 2622 doque
519 2593 583 2613 non
607 2583 708 2613 solam
732 2591 786 2615 aut
809 2594 922 2624 puram
945 2584 1152 2620 voluntatem,
1170 2586 1224 2615 sed
1247 2585 1446 2617 voluntatem

389 2633 510 2657 motam
527 2627 754 2667 acorporibus,
766 2628 798 2658 in
815 2628 931 2669 quibus
946 2635 1021 2659 sunt
1034 2628 1111 2659 istae
1125 2627 1344 2660 inclinationes
1360 2640 1378 2660 a
1394 2641 1446 2662 na-

388 2677 458 2701 tura
480 2671 709 2711 provenientes.
739 2672 779 2703 Et
801 2679 982 2712 propterea,
1001 2673 1145 2713 quamvis
1170 2683 1265 2714 opera
1290 2681 1396 2706 nostra
1413 2681 1447 2706 ut

389 2721 463 2744 sunt
485 2725 503 2745 a
526 2715 687 2746 voluntate
710 2726 775 2746 non
799 2716 923 2747 subsint
947 2716 1045 2754 caelo,
1062 2724 1098 2747 ut
1120 2723 1226 2748 tamen
1251 2724 1325 2749 sunt
1344 2729 1362 2749 a
1379 2729 1445 2749 cor-

388 2758 548 2798 poralibus
572 2760 706 2790 subsunt
729 2760 826 2796 caelo,
843 2760 924 2791 sicut
946 2761 1081 2792 subsunt
1095 2761 1297 2801 passionibus
1321 2763 1444 2794 nostris.

388 2803 428 2833 Et
451 2803 724 2843 quemadmodum
740 2804 863 2844 sapiens
879 2804 1061 2836 dominatur
1083 2805 1284 2846 passionibus
1309 2807 1383 2843 suis,
1401 2807 1444 2838 ita

388 2846 602 2878 dominabitur
624 2849 721 2878 astris
742 2847 770 2879 ²⁸¹.
795 2848 908 2879 Videat
931 2859 1005 2890 ergo
1022 2849 1069 2879 vir
1092 2850 1215 2889 sapiens
1239 2857 1283 2887 ut,
1309 2860 1383 2882 cum
1397 2851 1444 2882 in·
1469 2853 1470 2892 ζ

389 2890 518 2930 stigatur
546 2892 585 2921 ad
615 2892 698 2922 mala
729 2899 783 2923 aut
810 2893 1001 2932 periculosa,
1034 2903 1100 2924 non
1130 2901 1265 2926 sectetur
1298 2895 1445 2926 stimulos
1469 2918 1470 2922 ,

388 2935 464 2965 hos:
489 2935 568 2966 sicut
584 2945 641 2966 nec
661 2936 822 2975 passiones
839 2937 928 2978 sequi
945 2937 1047 2968 debet.
1072 2937 1156 2969 Cum
1171 2946 1279 2970 autem
1294 2939 1334 2969 ad
1349 2940 1442 2976 bona,
1468 2978 1470 2981 ι

390 2978 415 3008 si
445 2979 523 3010 ratio
544 2989 608 3009 non
633 2981 744 3016 obstet,
768 2988 902 3012 sectetur
924 2981 986 3018 illa,
1005 2982 1099 3013 etiam
1124 2982 1149 3012 si
1173 2983 1290 3014 nesciat
1313 2992 1445 3024 propter
1468 2996 1470 3013 ι

390 3022 481 3063 quid:
510 3023 663 3063 quoniam
687 3024 724 3053 ad
752 3024 835 3055 bona
866 3025 967 3065 agitur
990 3015 1231 3066 quodammodo
1262 3037 1280 3057 a
1303 3028 1443 3068 superio-

391 3066 476 3096 ribus
499 3066 610 3097 causis.

444 3110 482 3140 V.
508 3109 674 3141 Cavendus
698 3121 771 3151 ergo
794 3112 905 3152 triplex
928 3120 973 3143 est
997 3123 1082 3144 error
1105 3113 1138 3145 in
1161 3113 1355 3146 huiusmodi.
1380 3116 1444 3146 Pri-

1475 476 1476 495 :
1502 467 1631 497 lestibus
1655 477 1844 508 cognoscere
1868 477 1924 508 per
1948 467 2176 498 certitudinem.

1473 672 1475 682 Ι
1501 642 1594 674 multi
1617 643 1783 684 principes,
1800 643 1859 685 qui
1876 654 1941 674 non
1965 643 2083 674 exirent
2107 644 2206 674 domo
2228 651 2285 674 aut
2308 644 2484 685 equitarent
2499 645 2567 677 sine

1473 725 1474 733 ¹
1501 730 1604 760 darios
1624 737 1776 771 tanquam
1801 731 1884 771 leges
1908 742 2042 762 suorum
2063 742 2209 773 operum,
2226 732 2462 772 astrologorum
2478 743 2566 764 com-

1473 844 1474 848 ,
1500 829 1517 848 a
1541 819 1691 849 secundo.
1716 819 1881 850 Secundus
1905 830 2044 860 namque
2060 827 2107 851 est
2130 830 2216 851 error
2229 820 2439 858 intintellectu
2455 830 2566 854 contra

1472 1222 1473 1235 ³
1498 1217 1567 1247 xit:
1585 1221 1791 1256 comparatus
1805 1222 1852 1247 est
1867 1217 2017 1247 iumentis·
2032 1218 2263 1257 insipientibus,
2279 1223 2311 1249 et
2325 1219 2438 1251 similis
2448 1219 2571 1261 factus-

1471 1436 1473 1461 ἵ
1498 1438 1547 1474 tis,
1571 1447 1654 1479 quae
1677 1444 1799 1475 natura,
1823 1447 1890 1468 non
1913 1437 2032 1468 vilitate
2054 1437 2153 1469 animi
2176 1438 2312 1470 subsunt
2334 1440 2565 1481 corporalibus.

1471 1651 1473 1678 '3
1499 1659 1642 1696 Quilibet
1663 1659 1750 1690 enim
1773 1659 1891 1689 horum
1910 1658 2007 1690 trium
2023 1669 2167 1690 errorum
2186 1667 2352 1700 peccatum
2367 1662 2575 1709 mortaleeq.

1471 1865 1473 1874 ,
1499 1843 1616 1873 autem,
1636 1836 1663 1866 si
1677 1836 1824 1867 caelestes
1846 1835 1984 1866 influxus
2006 1846 2101 1867 nosse
2123 1836 2247 1873 volunt,
2268 1848 2335 1870 non
2358 1845 2493 1872 utuntur
2506 1839 2567 1878 :ab

1471 1946 1473 1968 -ἰ
1499 1932 1594 1966 atque
1608 1924 1724 1965 gratiae
1744 1924 1867 1955 divinae
1883 1924 2006 1955 lumine
2021 1931 2052 1955 et
2071 1925 2230 1956 adiutorio
2249 1925 2276 1956 si
2290 1925 2462 1959 Christiani
2479 1931 2571 1961 sunt-2*

1472 2082 1473 2099 ἢ
1499 2057 1687 2088 voluntaria.
1707 2057 1747 2088 Et
1766 2058 1934 2098 quomodo
1951 2058 2099 2088 damnata
2113 2058 2164 2089 vel
2178 2067 2246 2089 non
2262 2058 2575 2095 damnationem-'n

1471 2347 1472 2363 ἶ
1498 2323 1531 2353 Si
1554 2329 1662 2354 autem
1684 2322 1763 2354 fiant
1785 2323 1825 2354 ad
1847 2323 2064 2355 coniecturam
2094 2324 2278 2356 habendum
2299 2325 2576 2360 naturaliumm‘mi
2589 2312 2650 2359 m

1470 2745 1471 2754 ,
1498 2719 1613 2750 eodem
1636 2719 1757 2750 effectu.
1782 2720 1946 2758 Quoniam
1961 2728 2043 2752 astra
2065 2729 2138 2753 sunt
2154 2722 2247 2753 nobis
2262 2722 2371 2763 ignota
2393 2725 2575 2765 quomado?

1469 2811 1471 2852 f
1497 2808 1675 2848 completus
1698 2807 1738 2838 sit
1759 2809 1858 2839 semel
1880 2815 1968 2839 totus
1991 2820 2101 2841 cursus
2121 2810 2314 2848 caelestium,
2335 2812 2392 2852 qui
2415 2818 2488 2845 ante
2501 2812 2573 2845 «θεὸν,

1507 259 1802 296 ARTICULUS
1831 259 1865 295 V

1504 346 1569 372 mo,
1587 343 1623 366 ut
1637 346 1703 366 non
1719 346 1908 377 quaeramus
1925 346 1961 366 ex
1976 336 2162 366 caelestibus
2177 337 2444 376 supernaturalia:
2462 338 2569 378 qualia·

1504 387 1577 410 sunt
1601 380 1748 420 mysteria
1770 380 1853 411 fidei.

1559 423 1716 460 Secundo,
1741 431 1776 454 ut
1799 424 1925 454 nullum
1949 423 2202 463 contingentium
2226 433 2415 464 quaeramus
2439 435 2476 456 ex
2499 435 2566 457 cae-

1557 511 1686 548 Tertio,
1711 519 1747 542 ut
1769 511 1942 551 cognitioni
1966 521 2022 551 per
2045 511 2259 542 coniceturam
2285 521 2383 552 quam
2407 521 2445 542 ex
2467 511 2566 544 caele-

1502 554 1600 585 stibus
1624 555 1738 586 habere
1761 556 1954 596 quaerimus,
1979 565 2045 585 non
2068 555 2298 591 inhaereamus,
2323 556 2501 587 secundum
2520 557 2567 588 af-

1501 598 1620 630 fectum
1650 606 1680 630 et
1710 599 1948 636 executionem,
1981 607 2133 640 tanquam
2165 599 2244 640 legi:
2274 606 2310 631 ut
2338 599 2459 631 faciunt
2485 600 2567 633 forte

1501 685 1622 717 calculo
1644 687 1776 724 caelesti,
1802 688 1950 719 habentes
1970 688 2156 732 quinternos
2181 687 2296 728 diarios
2318 688 2369 718 vel
2391 688 2566 720 hebdoma-

1500 781 1580 814 puto
1605 774 1760 806 conditos.
1797 776 1856 806 Iste
1880 786 2019 816 namque
2043 786 2128 806 error
2151 786 2265 816 parum
2289 784 2343 807 aut
2366 777 2446 808 nihil
2473 778 2566 809 distat

1500 870 1647 893 naturam
1666 870 1696 894 et
1715 863 1863 902 gratiam:
1887 863 1945 894 iste
1960 871 2068 894 autem
2083 864 2115 895 in
2131 864 2295 895 voluntate
2310 872 2419 896 contra
2434 873 2565 898 naturae

1501 913 1531 936 et
1553 906 1669 946 gratiae
1691 907 1877 938 libertatem.
1911 907 1952 938 Et
1979 914 2115 938 errantes
2142 908 2175 938 in
2205 909 2346 939 secundo
2369 910 2461 951 digni
2489 915 2566 942 sunt

2725 914 2827 989 My·

1500 952 1592 981 venia
1608 950 1634 986 *,
1659 951 1734 991 quia
1757 951 1937 991 ignoranter
1960 958 2108 991 peccant:
2135 961 2271 983 errantes
2287 961 2394 983 autem
2417 954 2450 984 in
2473 954 2564 986 tertio
2592 961 2713 992 {Asinos
2826 986 2827 990 ,

1498 995 1591 1035 digni
1612 1000 1688 1026 sunt
1709 995 1829 1036 duplici
1845 997 1952 1036 poena'
1966 995 1993 1031 ³¹²,
2010 996 2085 1036 quia
2108 996 2240 1027 scientes
2264 1006 2398 1037 corpora
2421 999 2565 1030 caelestia
2591 986 2825 1044 ’ἧξῇᾖξζῘὲῗὶ-ἑζ

1499 1049 1565 1069 non
1588 1039 1660 1079 plus
1684 1049 1782 1080 quam
1805 1039 1968 1080 passiones
1985 1046 2108 1070 nostras
2133 1050 2236 1080 posse,
2254 1041 2425 1073 subiiciunt
2443 1043 2564 1084 seipsos
2591 1040 2695 1090 le‘ssffi·
2715 1073 2766 1096 Q
2804 1061 2815 1071 ·.

1501 1083 1732 1124 corporalibus,
1758 1091 1788 1114 et
1811 1085 1844 1114 in
1869 1085 2080 1124 captivitatem
2103 1085 2225 1125 seipsos
2247 1085 2418 1126 redigunt,
2441 1097 2508 1119 non
2529 1088 2565 1121 in
2591 1098 2656 1118 nun·
2665 1083 2747 1118 8·’-s.
2797 1099 2802 1102 ⁴

1499 1128 1680 1168 obsequium
1708 1127 1827 1159 Christi
1839 1127 1867 1166 *,
1893 1129 1948 1158 sed
1972 1127 2100 1159 diaboli.
2123 1128 2164 1159 Et
2178 1127 2356 1161 verificatur
2370 1130 2411 1161 de
2425 1130 2469 1163 eis
2484 1124 2565 1163 illud
2591 1120 2803 1177 {effabor-„03

1498 1172 1723 1212 propheticum
1737 1171 1768 1202 *z
1790 1172 1911 1210 Homo,
1936 1182 2009 1204 cum
2033 1173 2066 1203 in
2088 1173 2210 1204 honore
2232 1179 2328 1212 esset,
2354 1183 2418 1206 non
2441 1175 2564 1207 intelle·
2590 1178 2804 1226 {affl-'gam

1499 1266 1546 1291 est
1569 1261 1642 1292 illis.
1666 1261 1778 1291 Homo
1802 1270 1951 1302 namque,
1969 1262 2146 1292 secundum
2169 1261 2300 1293 rationis
2313 1263 2496 1295 dominium
2508 1273 2564 1295 ¹sn-

1499 1314 1555 1344 per
1577 1304 1754 1345 corporalia
1776 1305 1896 1342 omnia,
1920 1306 1952 1335 in
1976 1305 2097 1336 honore
2119 1310 2175 1337 est.
2199 1306 2241 1336 Et
2263 1306 2320 1347 qui
2341 1307 2407 1339 hoc
2429 1318 2492 1340 non
2516 1309 2564 1341 in-

1499 1349 1616 1390 telligit
1640 1349 1734 1385 facto,
1758 1349 1813 1379 sed
1836 1356 1989 1390 tanquam
2012 1349 2157 1380 subditus
2180 1350 2398 1391 corporalibus
2414 1359 2566 1393 operatur

1499 1403 1536 1424 ex
1565 1393 1750 1434 proposito,
1771 1398 1981 1434 comparatur
2004 1394 2172 1428 iumentis:
2200 1393 2303 1426 immo
2324 1395 2423 1427 vilior,
2438 1396 2564 1428 iumen-

1499 1482 1540 1513 Et
1562 1489 1729 1523 propterea
1751 1481 1832 1515 iuste
1856 1492 1874 1512 a
1888 1482 1959 1512 Deo
1982 1482 2096 1513 similis
2106 1481 2226 1523 factus
2241 1488 2288 1517 est
2311 1484 2392 1517 iuis:
2415 1484 2491 1526 quia
2506 1485 2565 1518 mi·

1498 1526 1571 1557 licet
1593 1536 1703 1557 curam
1725 1526 1765 1556 de
1788 1536 1827 1557 eo
1857 1526 1951 1557 habet
1973 1526 2060 1557 Deus
2089 1526 2170 1557 sicut
2197 1527 2236 1557 de
2257 1527 2424 1566 iumentis,
2447 1529 2576 1563 milicem
2615 1550 2618 1552 >

1499 1577 1628 1611 propter
1651 1571 1775 1601 bonum
1797 1570 1946 1609 aliorum,
1962 1580 2028 1601 non
2051 1578 2182 1611 propter
2200 1571 2334 1605 bonum.
2347 1573 2397 1605 sui
2404 1581 2412 1610 ;
2437 1581 2469 1605 et
2490 1580 2573 1614 pro-1

1498 1622 1605 1656 pterea
1634 1615 1801 1645 traduntur
1833 1614 2042 1646 daemonibus
2071 1615 2268 1655 gubernandi
2297 1617 2354 1657 qui
2376 1617 2455 1649 tales
2477 1625 2573 1653 sunt,

1499 1714 1536 1734 ex
1550 1713 1610 1734 suo
1626 1712 1752 1743 genere:
1769 1703 1845 1744 quia
1860 1703 2079 1734 inhaesionem
2091 1703 2243 1744 importat
2258 1705 2357 1737 animi
2372 1705 2573 1749 humanit&-

1499 1747 1642 1778 caelestia
1654 1757 1788 1788 corpora
1805 1757 1899 1787 supra
1915 1757 2029 1778 eorum
2046 1747 2218 1780 facultates.
2237 1749 2310 1781 Hoc
2326 1750 2412 1781 enim
2427 1756 2517 1791 pote}
2524 1755 2577 1793 ς,

1499 1791 1589 1822 dictis
1603 1791 1621 1811 *
1643 1791 1899 1832 superstitiosum
1925 1799 1956 1822 et
1985 1792 2232 1824 daemoniacum
2252 1803 2330 1826 esse.
2354 1811 2376 1818 -
2399 1794 2574 1835 &picum
2589 1796 2688 1821 ⁴⁵⁸⁸-
2703 1803 2720 1820 ¹·

1500 1888 1535 1911 ut
1562 1880 1683 1921 legibus
1693 1903 1701 1916 ,
1726 1881 1781 1911 sed
1809 1880 2015 1912 dominantur
2041 1880 2102 1917 eis,
2132 1888 2256 1912 utentes
2279 1882 2412 1918 rationis
2433 1882 2564 1922 iudicio,

1554 1968 1607 1999 VI.
1633 1969 1674 2000 Et
1696 1979 1733 1999 ex
1755 1968 1804 2000 his
1827 1975 1913 2009 patet
1935 1970 2104 2010 quomodo
2133 1969 2374 2011 intelligendum
2405 1978 2453 2003 est
2468 1967 2575 2014 quo&

1500 2022 1634 2053 corpora
1649 2013 1792 2044 caelestia
1807 2022 1874 2043 non
1893 2021 1967 2044 sunt
1985 2023 2081 2054 supra
2099 2013 2269 2045 electiones
2283 2021 2316 2046 et
2336 2025 2436 2057 opera
2457 2020 2589 2049 nonori-

1499 2101 1627 2133 sultatio
1637 2101 1874 2142 astrologorum
1886 2101 1967 2132 circa
1974 2101 2151 2133 nativitates
2161 2102 2334 2135 hominum
2347 2110 2379 2136 et.
2389 2114 2444 2146 seq

1500 2153 1530 2176 et
1551 2146 1738 2177 huiusmodi
1753 2146 1779 2177 *.
1805 2146 1893 2176 Haec
1913 2146 1999 2177 enim
2021 2146 2046 2176 si
2068 2146 2108 2177 ad
2127 2147 2349 2182 certitudinem
2370 2141 2576 2190 coguitiflflm
2590 2148 2744 2199 :lma-{¹¹

1499 2189 1752 2230 contingentium
1775 2190 1976 2227 ordinentur;
2002 2190 2061 2228 vel,
2086 2191 2176 2231 quod
2197 2191 2282 2223 idem
2306 2199 2363 2229 est,
2386 2192 2414 2225 si
2437 2193 2575 2237 utilegm
2590 2191 2660 2232 aba,
2675 2206 2728 2232 η..

1501 2235 1656 2266 utendum
1678 2241 1725 2265 est
1739 2234 1793 2265 tali
1817 2233 1917 2275 figura
1940 2234 2119 2272 nativitatis,
2136 2242 2212 2267 etc.:
2236 2235 2393 2269 diabolica
2404 2237 2575 2275 aunudffl's

1499 2285 1607 2309 mnata
1621 2286 1704 2310 sunt.
1722 2278 1763 2309 Et
1774 2279 1836 2310 hoc
1848 2278 1983 2310 intendit
1995 2279 2195 2319 Augustinus
2206 2280 2240 2314 in
2253 2280 2296 2312 lv
2310 2280 2456 2323 Conse-rs.
2466 2282 2494 2320 ⁸⁵.
2504 2286 2570 2317 emi
2589 2280 2602 2292 ⁸
2693 2286 2702 2303 ¹
2746 2280 2816 2305 '‘“0'

1499 2367 1716 2403 clinafionum,
1741 2374 1772 2398 et
1795 2367 2028 2398 dominandum
2052 2368 2269 2409 corporalibus
2292 2369 2565 2410 sapientiam-1·
2589 2356 2647 2409 ἐξ
2696 2376 2738 2388 ’
2757 2400 2779 2411 ω

1499 2421 1565 2442 non
1588 2419 1670 2448 sunt,
1688 2411 1847 2452 prohibita
1869 2421 1936 2442 non
1959 2419 2049 2443 sunt:
2075 2419 2111 2443 ut
2133 2419 2221 2453 patet
2241 2423 2278 2444 ex
2302 2413 2466 2447 antedictis
2479 2408 2508 2448 *a
2524 2429 2574 2446 »aa
2590 2414 2601 2425 ⁸
2614 2408 2716 2436 »tumst

1554 2455 1594 2486 Et
1616 2455 1695 2486 scito
1719 2456 1826 2496 quod,
1850 2455 1923 2486 licet
1949 2457 2144 2497 quandoque
2167 2457 2280 2489 veritas
2303 2457 2410 2499 aliqua
2437 2468 2475 2491 ex
2490 2457 2568 2491 ,istit

1498 2499 1664 2536 habeatur,
1690 2507 1755 2530 tam
1785 2499 2031 2538 debilisvtamen
2055 2507 2102 2531 est
2127 2501 2208 2532 ratio
2231 2501 2431 2534 coniecturae
2454 2502 2573 2535 ursit

1499 2543 1678 2574 coniectura
1701 2543 1750 2574 sit.
1775 2543 1816 2574 Et
1838 2544 1900 2574 hoc
1924 2551 2053 2584 propter
2068 2545 2244 2575 humanam
2259 2545 2566 2586 ignoruntiummnr

1497 2588 1600 2618 ximae
1623 2587 1910 2628 partis‘causarum
1930 2588 2111 2620 caelestium
2135 2595 2166 2620 et
2188 2589 2416 2629 proximarum.
2439 2591 2573 2624 Totam*

1499 2631 1584 2662 enim
1599 2631 1632 2662 id
1649 2631 1738 2672 quod
1754 2632 1978 2672 cognoscimus
2000 2632 2033 2664 in
2057 2631 2245 2665 huiusmodi
2259 2643 2328 2666 non
2342 2642 2481 2667 meretur
2499 2635 2575 2670 dini,

1498 2685 1570 2715 pars
1595 2683 1894 2717 quantumcumque
1917 2676 2051 2708 minima
2074 2687 2187 2709 eorum
2210 2688 2293 2719 quae
2314 2678 2575 2719 ignoramus&

1497 2774 1530 2795 se
1552 2764 1669 2794 habent
1691 2764 1731 2794 ad
1760 2763 1897 2795 invicem
1920 2772 1951 2796 et
1980 2766 2020 2795 ad
2042 2776 2112 2797 nos.
2143 2766 2184 2798 Et
2207 2767 2368 2807 quotidie,
2392 2777 2574 2810 usqueqm÷

1496 2852 1582 2892 ginta
1605 2862 1658 2882 sex
1681 2851 1780 2883 millia
1803 2862 1962 2884 annorum
1986 2864 2052 2884 non
2077 2855 2256 2895 completur
2270 2855 2305 2886 *z
2333 2857 2575 2897 quoddie,·,bz.
2591 2855 2726 2906 ἐξὲξ·
2760 2868 2778 2873 “’
2797 2871 2814 2883 ’

1497 2906 1604 2937 quam,
1620 2903 1667 2927 est
1689 2906 1793 2928 novus
1809 2897 1922 2928 stellati
1938 2898 2014 2928 caeli
2031 2898 2119 2935 situs,
2145 2899 2200 2940 qui
2222 2910 2390 2941 nunquam
2408 2900 2574 2938 fuitum}
2591 2908 2734 2932 decaeaoet
2809 2905 2815 2911 '⁴

1496 2940 1665 2978 sideratus;
1690 2941 1731 2971 ad
1754 2951 1851 2982 quem
1874 2941 1962 2972 relati
1986 2943 2131 2982 planetae
2147 2950 2178 2974 et
2192 2950 2284 2981 astra,
2300 2944 2373 2985 quis
2388 2945 2446 2978 scit
2463 2950 2575 2987 qum]
2590 2935 2817 2991 {efifgfig'ffibff‘

1497 2984 1712 3016 causalitatem
1735 2985 1879 3024 induant,
1904 2993 2038 3024 mutent,
2063 2987 2204 3027 perdant,
2221 2986 2300 3021 ete?
2322 2989 2432 3022 Taceo
2445 2990 2488 3022 ‚de
2496 2990 2574 3023 niv
2691 2996 2704 3009 '⁴‘
2722 2995 2766 3010 ³¹¹⁹
2811 3009 2814 3010 ⁷

1497 3028 1569 3059 culo
1594 3035 1756 3060 motuum.
1789 3030 1953 3067 Quoniam
1976 3030 2174 3071 impossibile
2197 3031 2279 3064 forte
2303 3040 2349 3064 est
2375 3033 2575 3067 habuerim&

1497 3079 1671 3105 strumenta
1691 3073 1808 3114 quibus
1827 3075 1866 3104 ad
1883 3075 2038 3107 amussim
2053 3075 2154 3107 sciant
2168 3083 2276 3108 ortum
2292 3084 2323 3110 et
2338 3083 2573 3115 oecasnmtpnt·

1497 3118 1535 3149 ab
1558 3117 1635 3157 ipsis
1655 3117 1751 3148 audio
1774 3118 1951 3158 astrologis.
2004 3141 2006 3144 -
2403 3135 2504 3156 μ’,
2536 3127 2576 3157 ἃ.»

2445 3182 2462 3198 2
2491 3180 2573 3205 ‚io-,12⁴

2471 3208 2476 3215 .

2441 3227 2452 3230 --
2488 3224 2575 3246 ,usqu-⁴

2560 3259 2563 3270 Ι
