2860 4244
135 968 145 978 ⁸
160 967 212 988 Luc.
229 973 278 994 cap.
296 972 343 992 xii,

134 999 191 1014 vers.
206 999 241 1021 39.

133 1673 142 1681 ⁴
166 1671 211 1698 Qu.
240 1677 343 1698 cxxviii,

132 1702 173 1719 art.
190 1704 204 1718 1.

133 1756 141 1764 ⁸
153 1754 208 1781 Cap.
220 1760 244 1779 ιι,
255 1760 319 1782 n.13.
332 1764 342 1769 -·

131 1780 155 1802 S.
165 1780 210 1802 Th.
224 1781 275 1801 lect.
291 1787 321 1802 1v.

135 2331 143 2338 ⁸
154 2329 212 2350 lbid.
227 2335 250 2350 n.
267 2335 296 2356 12,
306 2334 334 2356 ¹3·

375 228 422 264 38

372 307 404 336 in
419 314 483 335 uno
500 311 638 337 extremo
655 311 792 335 tantum:
818 305 871 334 sed
888 310 1013 344 oportet
1028 305 1116 344 quod
1130 310 1343 335 commutatur
1357 314 1432 335 cum

372 351 469 381 altero
493 348 701 385 commutari,
727 349 814 388 quod
843 354 1056 378 commutatur
1083 348 1115 377 in
1142 348 1230 378 illud.
1259 348 1319 378 Sed
1347 358 1433 378 com-

372 393 556 424 mutationis
580 392 688 422 relatio
712 393 745 422 in
769 398 872 422 actum
898 390 1126 421 damnificantis
1157 398 1264 422 contra
1287 391 1432 422 volunta-

372 445 436 468 tem
452 445 541 466 suam
559 436 692 466 devenit.
709 436 749 465 Et
764 442 930 476 propterea
945 435 1173 466 involuntariae
1187 435 1333 466 dicuntur
1346 445 1430 466 com-

373 481 563 511 mutationes
587 479 673 510 tales.
1253 515 1257 520 Δ

427 524 583 559 Secundo,
608 523 697 563 quod
719 522 935 552 voluntarium
958 528 988 552 et
1009 522 1259 553 involuntarium
1274 523 1346 554 ideo
1370 523 1432 553 dis-

373 568 521 608 tinguunt
544 566 819 601 commutationes,
844 565 920 605 quia
944 565 1151 597 diversificant
1174 567 1329 598 rationem
1347 567 1430 597 iusti.

371 613 454 642 Nam
477 612 509 641 in
534 609 836 642 commutationibus
852 610 1037 640 voluntariis
1062 620 1124 640 una
1147 617 1272 642 tantum
1287 618 1333 642 est
1354 611 1432 642 ratio

371 656 461 692 iusti,
485 655 601 685 scilicet
625 664 671 684 res
698 663 779 693 quae
803 653 910 683 datur:
943 653 974 683 in
999 655 1304 685 commutationibus
1326 661 1434 685 autem

371 698 590 729 involuntariis
619 697 733 736 duplex
757 703 803 726 est
826 698 904 728 ratio
920 696 1003 734 iusti,
1021 698 1138 729 scilicet
1162 699 1325 735 damnum,
1343 705 1374 730 et
1389 699 1434 728 in-

371 743 451 773 iuria
476 752 557 782 quae
580 741 616 771 fit
638 751 703 771 non
727 741 856 770 volenti.

371 837 512 870 guuntur
534 829 566 859 in
590 828 731 860 occultas
755 836 785 860 et
808 828 1009 865 manifestas,
1034 829 1110 870 quia
1133 830 1193 860 alia
1217 837 1262 860 est
1286 831 1365 861 ratio
1389 831 1435 861 in-

370 873 541 904 voluntarii
564 873 693 914 quando
717 872 855 910 occulte,
880 879 910 903 et
933 873 992 903 alia
1015 874 1144 914 quando
1168 874 1332 904 manifeste
1355 875 1435 914 pati—

370 924 431 949 tur.
452 917 537 948 Cum
553 917 638 948 enim
654 917 776 947 occulte
792 916 862 958 quis
879 917 1004 957 patitur,
1018 923 1064 948 est
1079 917 1328 948 involuntarium
1345 919 1435 959 quasi

370 971 426 1002 per
449 961 669 1001 ignorantiam,
691 961 776 991 iuxta
796 961 875 991 illud
890 961 921 997 *,
946 961 982 991 Si
996 963 1092 992 sciret
1108 962 1349 1004 paterfamilias
1371 972 1435 1003 qua

370 1006 450 1036 hora
466 1005 532 1046 fur
546 1007 667 1036 veniret
682 1012 756 1036 etc.:
783 1015 856 1035 cum
871 1015 946 1035 vero
963 1005 1126 1036 manifeste
1143 1006 1270 1046 patitur,
1286 1006 1435 1037 violentia

371 1050 551 1085 adhibetur,
563 1056 593 1080 et
608 1050 651 1080 sic
668 1056 714 1080 est
732 1049 980 1080 involuntarium
997 1060 1052 1090 per
1066 1051 1260 1083 violentiam.
1273 1051 1434 1087 -Rursus‚

368 1094 443 1125 licet
465 1093 634 1134 utrobique
657 1093 711 1124 fiat
730 1093 844 1124 iniuria
867 1094 1008 1133 patienti,
1024 1094 1098 1134 quia
1115 1102 1223 1125 contra
1239 1094 1434 1125 voluntatem

371 1148 464 1169 suam
487 1137 706 1168 damnificatur
713 1146 720 1174 ;
745 1144 853 1168 tamen
871 1138 1000 1178 quando
1016 1138 1182 1169 manifesta
1197 1146 1243 1169 est
1266 1139 1434 1178 aggressio,

370 1182 526 1221 irrogatur
549 1181 724 1222 ignominia
748 1182 904 1223 quaedam
928 1182 1067 1221 patienti,
1089 1193 1169 1223 quae
1194 1193 1259 1213 non
1281 1182 1436 1222 irrogatur

371 1227 402 1256 in
427 1227 567 1256 occulta:
593 1236 667 1256 narn
691 1227 768 1256 dum
793 1226 875 1256 mala
889 1226 980 1255 nobis
998 1235 1104 1256 coram
1121 1226 1308 1261 inferuntur,
1333 1227 1436 1266 despi-

371 1271 488 1306 cimur,
514 1279 572 1300 nec
602 1270 700 1300 nostri
728 1270 807 1300 ratio
835 1270 982 1306 habetur,
1006 1280 1104 1310 quam
1128 1271 1249 1300 occulte
1274 1269 1435 1300 offendens

371 1315 485 1345 habere
509 1314 645 1350 videtur;
670 1320 706 1344 ut
729 1320 814 1353 patet
836 1313 870 1343 in
894 1314 1087 1344 contumelia
1111 1321 1142 1344 et
1165 1314 1368 1350 detractione,
1392 1324 1437 1344 ra-

370 1358 445 1399 pina
469 1365 499 1389 et
524 1358 618 1389 furto.

426 1403 567 1439 Quarto,
592 1402 681 1442 quod
709 1401 740 1431 in
769 1401 871 1431 littera
901 1401 984 1430 inter
1008 1401 1235 1432 involuntarias
1260 1408 1435 1432 commuta-

370 1446 472 1477 tiones
496 1456 561 1476 non
586 1451 789 1485 computatur
812 1445 940 1475 exilium
965 1454 1022 1475 nec
1045 1453 1155 1475 usura:
1190 1454 1254 1475 non
1280 1445 1355 1486 quia
1378 1445 1436 1476 ista

370 1497 454 1521 extra
477 1490 538 1521 hoc
561 1499 660 1529 genus
680 1489 750 1524 sint,
776 1489 831 1519 sed
854 1489 929 1529 quia
952 1489 991 1519 ad
1007 1495 1172 1520 numerata
1194 1489 1226 1519 in
1250 1489 1351 1520 littera
1367 1499 1435 1529 spe-

370 1541 463 1565 ctant.
487 1534 627 1564 Exilium
643 1533 774 1574 quidem
790 1533 829 1563 ad
845 1533 1123 1564 incarcerationem
1139 1534 1282 1574 pertinet,
1308 1541 1436 1574 propter

370 1578 433 1609 loci
457 1577 792 1618 circumscriptionem,
816 1587 880 1617 qua
902 1577 938 1608 fit
960 1578 1040 1608 exul.
1066 1578 1170 1608 Usura
1192 1588 1267 1608 vero
1291 1578 1332 1608 ad
1355 1578 1435 1609 inin-
1456 1576 1457 1579 ’

370 1629 451 1653 stam
475 1622 690 1653 venditionem
715 1628 851 1662 spectat:
876 1621 1021 1652 venditur
1036 1622 1122 1652 enim
1138 1629 1192 1652 aut
1207 1622 1293 1652 idem
1307 1621 1364 1658 bis,
1382 1627 1437 1653 aut

370 1667 459 1708 quod
483 1677 549 1697 non
573 1673 628 1702 est,
656 1673 690 1697 ut
713 1666 843 1696 inferius
858 1665 875 1684 *
897 1665 929 1695 in
955 1672 1086 1697 tractatu
1111 1666 1149 1696 de
1174 1676 1270 1696 usura
1292 1672 1386 1705 patet.

427 1710 559 1748 Quinto,
584 1710 673 1751 quod
689 1720 840 1740 numerus
857 1710 1147 1740 commutationum
1171 1709 1202 1740 in
1225 1710 1326 1740 littera
1351 1716 1380 1740 et
1403 1710 1434 1740 in

369 1755 399 1785 V
414 1754 516 1786 Ethic.
532 1754 550 1773 *
573 1765 638 1784 non
664 1760 710 1784 est
732 1753 918 1784 uniformis:
944 1754 1068 1794 aliquae
1092 1754 1177 1784 enim
1201 1754 1242 1784 ibi
1267 1763 1436 1784 numeran-

368 1798 487 1835 tur‚⁴ut
509 1808 609 1839 aquae
629 1798 778 1828 derivatio
795 1804 826 1828 et
846 1797 1027 1834 vinculatio‚
1045 1807 1126 1838 quae
1143 1802 1207 1828 non
1230 1804 1437 1828 numerantur

369 1843 434 1879 hic;
460 1849 491 1873 et
513 1853 530 1873 e
546 1849 655 1873 contra
678 1843 836 1882 quaedam
858 1848 1066 1872 numerantur
1087 1841 1147 1878 hic,
1173 1849 1208 1872 ut
1230 1842 1389 1872 mutilatio
1406 1849 1436 1872 et

370 1887 531 1922 detractio,
556 1897 638 1927 quae
662 1896 727 1916 non
747 1886 967 1926 exprimuntur
982 1885 1034 1916 ibi.
1060 1886 1101 1916 Et
1123 1885 1204 1917 ratio
1220 1886 1345 1917 videtur
1361 1885 1435 1926 quia

370 1938 480 1962 neuter
503 1931 637 1961 intendit
660 1940 826 1960 numerare
850 1929 1040 1970 integraliter
1069 1930 1187 1970 species
1211 1929 1435 1960 commutatio-

370 1984 465 2011 num;
500 1975 555 2004 sed
582 1974 773 2014 distinguere
801 1975 844 2004 sic
873 1980 908 2004 ut
936 1973 1026 2004 facile
1054 1974 1154 2014 possit
1181 1974 1252 2015 quis
1276 1974 1435 2014 percipere

370 2029 482 2049 omnes
505 2018 779 2058 permutationum
802 2018 920 2058 species
951 2027 988 2048 ex
1011 2017 1211 2048 enumeratis
1242 2018 1326 2048 Tam
1350 2018 1434 2048 enim

369 2073 406 2093 ex
429 2062 478 2092 his
502 2072 583 2103 quae
606 2062 650 2092 ibi
673 2072 770 2103 quarn
795 2072 830 2092 ex
849 2062 898 2092 his
922 2071 1002 2102 quae
1026 2062 1077 2092 hic
1101 2062 1259 2098 dicuntur,
1283 2069 1436 2102 apparent

369 2117 451 2148 quae
475 2106 537 2138 sint
559 2107 591 2137 in
616 2106 664 2136 his
687 2106 854 2146 generibus
878 2106 1104 2146 computanda.
1271 2131 1275 2135 .

429 2151 465 2182 11.
491 2151 526 2180 ln
543 2151 657 2181 eodem
673 2151 764 2181 tertio
781 2150 914 2181 articulo
931 2150 1066 2181 dubium
1082 2150 1203 2186 accidit,
1221 2149 1301 2180 circa
1317 2150 1435 2181 calcem

370 2194 507 2230 articuli,
533 2195 570 2226 de
594 2205 658 2236 qua
681 2194 783 2234 specie
807 2197 928 2225 Auctor
950 2193 1093 2235 loquitur
1123 2204 1197 2224 cum
1221 2194 1296 2224 dicit
1323 2204 1435 2225 omnes

371 2239 637 2270 commutationes
660 2238 853 2269 voluntarias
878 2245 908 2268 et
931 2237 1158 2269 involuntarias
1182 2238 1221 2268 ad
1237 2247 1335 2268 unam
1350 2238 1437 2269 iusti-

370 2283 430 2313 tiae
454 2283 591 2322 speciem
614 2283 784 2322 pertinere:
810 2293 848 2313 an
873 2281 990 2312 scilicet
1012 2283 1051 2312 de
1075 2282 1177 2322 specie
1201 2282 1434 2322 specialissima,

370 2336 410 2357 an
435 2327 474 2356 de
496 2327 683 2358 subalterna.
708 2327 748 2357 Et
763 2333 809 2357 est
825 2327 904 2357 ratio
921 2326 1008 2356 dubii
1024 2326 1099 2367 quia
1114 2326 1146 2356 in
1163 2327 1191 2356 V
1206 2326 1309 2357 Ethic.
1325 2325 1343 2345 *
1365 2327 1434 2356 Ari-

370 2371 498 2402 stoteles
523 2371 687 2410 distinguit
702 2371 854 2402 iustitiam
870 2370 1092 2410 particularem
1108 2370 1141 2400 in
1158 2370 1387 2400 distributivam
1405 2377 1435 2400 et

1145 2515 1462 2558 ARTICULUS
1498 2516 1771 2566 QUARTUS

1724 177 1729 198 l

1050 227 1316 272 QUAESTIO
1346 227 1449 271 LXI,
1478 228 1773 266 ARTICULUS
1804 229 1854 266 IV

1486 305 1757 343 commutativam,
1775 313 1805 337 et
1824 306 2085 337 commutativam
2100 306 2132 336 in
2150 306 2228 336 duas
2243 313 2356 347 partes,
2373 307 2449 349 quia
2465 317 2551 338 com-

1485 349 1678 380 mutationes
1701 357 1775 382 sunt
1798 350 1948 391 duplices,
1973 350 2089 381 scilicet
2111 349 2307 381 voluntariae
2324 357 2354 382 et
2373 349 2551 390 involunta-

1485 392 1558 422 riae.
1584 410 1603 414 -
1626 392 1800 424 Multitudo
1824 404 1955 435 quoque
1974 393 2126 424 vitiorum
2151 393 2376 435 oppositorum
2398 395 2484 426 idem
2507 402 2551 426 at-

1485 435 1589 466 testari
1613 436 1753 468 videtur:
1785 444 1995 478 opponuntur
2022 447 2162 478 namque
2189 437 2264 468 huic
2286 437 2421 469 iustitiae
2447 439 2551 469 homi-

1487 479 1615 516 cidium,
1632 480 1768 520 rapinae,
1785 481 1916 518 furtum,
1938 482 2140 518 contumelia,
2157 482 2317 518 detractio,
2332 488 2391 513 etc.
2406 500 2427 505 -
2441 483 2478 512 ln
2493 493 2552 523 op-

1486 524 1631 563 positum
1652 531 1759 555 autem
1781 525 1905 556 videtur
1927 526 2004 556 haec
2026 526 2139 557 littera.

1542 569 1592 597 Ad
1615 567 1676 598 hoc
1700 568 1814 601 dicitur
1836 570 1924 610 quod
1948 579 2020 600 cum
2045 570 2167 601 iustum
2186 568 2452 601 commutativum
2475 580 2552 601 con—

1487 611 1574 642 sistat
1597 610 1769 643 formaliter
1791 613 1824 644 in
1848 613 2035 654 aequalitate
2058 614 2101 644 rei
2126 615 2165 645 ad
2188 622 2274 654 rem,
2300 620 2330 644 et
2353 620 2440 645 actus
2462 624 2549 645 com—

1489 654 1659 685 mutativae
1675 655 1811 686 iustitiae
1827 657 1866 688 sit
1885 658 1956 687 dare
1971 658 2021 688 vel
2037 658 2165 688 reddere
2179 657 2395 698 aequivalens;
2420 664 2451 688 et
2474 657 2553 688 nihil

1488 699 1604 729 horum
1627 698 1764 730 varietur
1786 700 1845 730 nisi
1866 701 2068 731 materialiter
2090 711 2146 742 per
2160 702 2288 732 reddere
2304 700 2504 742 aequivalens
2519 700 2552 732 in

1459 761 1461 787 3
1487 743 1542 773 tali
1565 743 1615 772 vel
1638 742 1691 773 tali
1708 744 1852 774 materia:
1878 754 2075 785 consequens
2091 753 2138 776 est
2161 746 2249 786 quod
2272 752 2402 786 propter
2425 746 2552 776 diversi-

427 786 550 821 Tertio,
574 785 663 825 quod
685 785 915 815 involuntariae
940 786 1206 817 commutationes
1229 786 1301 817 ideo
1326 786 1434 817 distin-

1488 794 1584 817 tatem
1609 787 1756 818 materiae
1782 797 1848 818 non
1872 788 2099 828 multiplicatur
2127 789 2230 830 specie
2257 789 2375 821 iustitia
2405 799 2552 822 commu-

1489 838 1593 871 tativa.
2107 862 2110 867 ,

1543 875 1679 906 Maxime
1703 881 1810 905 autem
1833 885 1982 916 apparere
2010 883 2118 917 posset
2145 877 2235 918 quod
2257 877 2386 910 variaret
2415 878 2552 919 speciem

1487 919 1623 950 iustitiae
1653 919 1781 949 reddere
1805 919 2004 960 aequivalens
2027 920 2222 951 voluntariae
2245 921 2295 951 vel
2322 921 2437 952 invitae
2466 931 2552 952 com-

1489 963 1667 999 mutationi,
1689 963 1730 993 ita
1753 964 1841 1004 quod
1858 963 1917 994 alia
1933 964 1972 994 sit
1988 964 2107 1004 species
2121 964 2258 995 iustitiae
2273 965 2405 996 reddens
2422 966 2552 1006 aequale

1487 1006 1694 1043 voluntariae,
1717 1014 1794 1047 puta
1809 1008 1992 1044 venditioni,
2010 1015 2040 1038 et
2057 1008 2116 1038 alia
2132 1009 2264 1039 reddens
2279 1010 2410 1050 aequale
2425 1009 2550 1046 invitae,

1488 1058 1565 1091 puta
1588 1051 1731 1091 rapinae:
1757 1052 1831 1092 quia
1855 1052 1905 1082 hic
1928 1052 2070 1083 formalis
2090 1052 2256 1084 intervenit
2278 1053 2450 1085 differentia
2465 1063 2552 1087 com—

1487 1095 1684 1126 mutationis.
1701 1096 1762 1126 Sed
1779 1095 1887 1137 siquis
1903 1096 2080 1127 consideret
2094 1097 2184 1138 quod
2200 1096 2388 1130 differentiae
2406 1097 2553 1134 divisivae

1488 1139 1609 1179 generis
1633 1146 1663 1170 et
1687 1140 1906 1171 constitutivae
1922 1141 2099 1181 specierum
2123 1147 2251 1182 oportet
2272 1142 2362 1182 quod
2384 1141 2446 1173 sint
2468 1140 2553 1175 diffe-

1488 1183 1604 1214 rentiae
1635 1193 1690 1223 per
1713 1194 1745 1213 se
1775 1191 1806 1214 et
1829 1194 1894 1214 non
1918 1195 1974 1224 per
1997 1185 2160 1223 accidens,
2185 1192 2215 1216 et
2245 1186 2334 1226 quod
2363 1179 2554 1217 differentiae

1489 1237 1544 1266 per
1571 1237 1604 1257 se
1631 1234 1706 1257 sunt
1732 1237 1814 1268 quae
1842 1235 1916 1258 sunt
1949 1229 2203 1271 diversificativae
2232 1229 2372 1269 generis,
2403 1237 2440 1260 ut
2467 1236 2555 1272 patet

1487 1271 1743 1311 V11Metaphys.
1760 1271 1795 1307 *ς
1820 1278 1851 1302 et
1874 1273 1962 1312 quod
1990 1274 2178 1313 adaequatio
2202 1273 2245 1303 rei
2269 1274 2308 1303 ad
2331 1283 2399 1304 rem
2422 1282 2487 1305 non
2507 1274 2553 1304 di-

1485 1313 1680 1345 versificatur
1702 1325 1758 1354 per
1781 1315 1842 1345 hoc
1864 1317 1954 1356 quod
1972 1316 2114 1347 redditur
2130 1317 2313 1349 voluntario
2333 1318 2384 1349 vel
2406 1318 2553 1351 involun-

1487 1357 1567 1388 tario
1590 1356 1794 1400 (tantundem
1811 1359 1907 1396 enim,
1933 1367 1964 1390 et
1986 1361 2164 1391 secundum
2186 1361 2327 1392 eandem>
2342 1361 2480 1398 formam
2501 1372 2553 1394 ae-

1487 1402 1665 1443 qualitatis,
1690 1402 1830 1434 redditur
1852 1403 2033 1435 voluntario
2061 1411 2092 1435 et
2118 1404 2351 1438 involuntario:
2384 1407 2426 1439 ad
2451 1401 2554 1446 solam

2579 1278 2674 1327 tait·
2682 1278 2791 1327 ¹51²:ss

2579 1337 2670 1381 {aaa
2681 1337 2792 1386 &plu-,J

2579 1390 2659 1438 'nib-xi,
2670 1401 2722 1433 le'ct.
2737 1417 2759 1433 x.

1488 1445 1573 1476 enirn
1589 1446 1853 1488 adaequationem
1869 1448 1912 1478 rei
1930 1448 1968 1478 ad
1984 1458 2051 1478 rem
2071 1454 2229 1488 spectatur
2244 1445 2444 1523 utrobiqueg:
2467 1448 2554 1489 vidis·-

1487 1489 1533 1520 bit
1556 1490 1643 1530 quod
1668 1489 1838 1522 differentia
1861 1490 1938 1522 haec
1962 1501 2018 1532 per
2040 1492 2183 1522 accidens
2208 1493 2368 1524 concurrit
2389 1494 2406 1523 a'
2443 1497 2554 1535 *oppo-

1488 1533 1594 1565 situm.
2440 1554 2442 1559 ι
2459 1546 2474 1559 ’ν
2499 1536 2544 1563 ‘³⁴5

1543 1579 1593 1608 Ad
1618 1578 1739 1610 dictum
1755 1587 1862 1610 autem
1877 1579 2055 1610 Aristotelis
2079 1580 2192 1611 dicitur
2207 1581 2297 1621 quod
2311 1581 2555 1620 ipserum-dixit

1488 1632 1555 1653 esse
1583 1623 1660 1654 duas
1685 1623 1817 1664 species,
1840 1624 1895 1654 sed
1923 1624 2006 1655 duas
2026 1629 2164 1665 partes;
2188 1635 2256 1656 non
2277 1631 2407 1667 propter
2431 1625 2554 1659 virum·

1489 1665 1695 1704 differentiam
1719 1667 1896 1704 formalem,
1914 1668 1968 1699 sed
1991 1675 2121 1708 propter
2143 1668 2317 1700 notabilem
2340 1668 2552 1720 diversitatem

1488 1710 1698 1747 materialem3
1731 1710 1806 1753 quia
1829 1710 1946 1742 scilicet
1968 1711 2001 1742 in
2026 1722 2090 1742 una
2118 1719 2311 1754 concurrunt
2339 1712 2404 1744 duo
2431 1708 2554 1746 rechin*—

1488 1754 1658 1794 pensanda‚
1682 1754 1715 1784 in
1739 1754 1834 1785 altera
1857 1765 1968 1786 unum.
2001 1755 2036 1786 In
2061 1756 2365 1787 commutationibus
2389 1751 2552 1788 enimi&

1487 1798 1630 1828 luntariis
1655 1799 1722 1828 sola
1738 1807 1786 1829 res
1807 1799 1894 1833 venit
1915 1800 2137 1840 adaequanda:
2161 1800 2194 1830 in
2209 1800 2431 1833 involuntariis
2445 1805 2554 1833 m

1487 1842 1644 1872 damnum
1666 1849 1713 1873 est
1739 1842 1876 1879 offensa,
1901 1843 1976 1883 quia
1999 1850 2108 1875 contra
2129 1844 2344 1882 voluntatem,
2368 1845 2553 1886 undictam

1487 1893 1535 1916 est
1549 1886 1576 1917 *.
1607 1886 1794 1927 Adaequare
1817 1893 1926 1918 autem
1949 1896 2095 1928 oportere
2119 1898 2223 1918 unum
2245 1888 2302 1930 vel
2320 1889 2387 1932 dno
2409 1889 2552 1937 nerag}-
2578 1898 2792 1948 *unm-gnoma,

1487 1930 1568 1961 riant
1591 1930 1710 1971 species
1738 1930 1994 1972 adaequationis,
2019 1938 2055 1962 ut
2077 1938 2179 1971 patet,
2204 1932 2449 1972 dummodo-se,
2691 1942 2698 1948 ·

1487 1974 1598 2004 eadem
1622 1974 1816 2016 aequalitatis
1840 1974 1952 2012 forma,
1978 1981 2014 2006 ut
2036 1976 2069 2005 in
2085 1975 2133 2006 his
2150 1981 2205 2007 est.
2229 1993 2252 1999 -
2274 1964 2500 2032 Mfflfitudbsq.

1486 2028 1549 2059 que
1565 2018 1716 2049 vitiorum
1733 2018 1957 2059 oppositorum
1973 2020 2100 2059 signum
2114 2028 2182 2050 non
2197 2027 2245 2051 est
2261 2013 2552 2061 multitudinll·ffl

1487 2062 1563 2093 tutis
1579 2062 1759 2103 oppositae:
1777 2073 1851 2094 cum
1866 2064 1988 2094 malum
2003 2064 2213 2105 omnifariam
2226 2069 2260 2095 et
2273 2062 2551 2107 02⁴³thth

1485 2106 1661 2147 defectibus
1683 2107 1859 2147 contingat,
1891 2108 2015 2139 bonum
2037 2115 2146 2139 autem
2167 2117 2260 2145 ῐιουΓ
2276 2109 2331 2141 sed
2346 2110 2553 2151 'extimum

1487 2160 1587 2181 causa
1602 2150 1630 2183 ²⁸.
2289 2171 2291 2175 ·
2394 2190 2396 2193 v
2421 2159 2521 2196 ,ag—pi}
2538 2180 2548 2197 ‚

1542 2195 1598 2226 Est
1622 2204 1695 2235 ergo
1718 2194 1837 2226 iustitia
1855 2195 2081 2227 commutativa
2105 2205 2168 2234 una
2185 2196 2304 2237 species
2319 2195 2477 2238 spec'aliss

1487 2238 1528 2268 Et
1551 2238 1694 2269 similiter
1716 2238 1911 2269 distributiva
1935 2249 1999 2270 una
2015 2240 2073 2270 alia
2089 2240 2208 2280 species
2223 2234 2392 2283 specialissi
2428 2173 2554 2319 as&

1488 2289 1557 2323 pter
1580 2282 1713 2313 eandem
1743 2282 1918 2313 rationem:
1947 2283 2022 2324 quia
2045 2283 2164 2315 scilicet
2191 2282 2439 2316 suam‘tiutemfi
2462 2282 2480 2317 sn*

1487 2326 1648 2366 quationis
1667 2326 1805 2357 formam
1821 2333 1979 2368 operatur,
2004 2326 2160 2360 diversam
2180 2323 2425 2360 formaliter’atsf
2439 2322 2553 2372 uelim
2579 2317 2656 2379 :¹2¹2
2715 2357 2770 2379 ecee

1487 2370 1573 2401 litate
1597 2371 1854 2407 commutativae,
1879 2378 1914 2403 ut
1936 2378 2022 2412 patet
2046 2383 2082 2403 ex
2105 2373 2292 2413 supradictis
2308 2373 2335 2406 ²⁸.
2672 2362 2714 2384 μ’·

2579 2205 2791 2256 metesa&

2578 2258 2621 2281 lib.
2634 2258 2671 2288 11,
2687 2265 2738 2288 σιρ.
2752 2267 2776 2283 vr

2502 2492 2547 2514 ΓῘ)

749 2605 904 2636 UTRUM
929 2606 1093 2637 IUSTUM
1117 2607 1183 2637 SIT
1207 2607 1479 2639 SIMPLICITER
1502 2609 1610 2640 IDEM
1635 2609 1757 2646 QUOD
1786 2609 2146 2641 CONTRAPASSUM

1315 2686 1339 2710 V
1358 2686 1453 2715 Eehic„
1473 2686 1532 2711 lect.
1550 2694 1606 2711 vni.

409 2769 465 2811 :²55¹
490 2792 494 2801 ἱ
518 2775 540 2790 2-
584 2765 605 2789 D
627 2764 800 2794 QUARTUM
820 2765 873 2790 SIC
894 2746 1133 2791 PROCEDITUR.
1155 2755 1314 2792 Videtur
1330 2755 1434 2804 quod

420 2814 453 2835 v

421 2839 443 2865 as

396 2807 432 2863 r

554 2822 562 2838 e
583 2806 724 2857 iustum
743 2806 789 2842 sit
809 2805 1026 2855 simpliciter
1043 2807 1145 2844 idem
1162 2809 1268 2857 quod
1286 2814 1433 2846 contra—

447 2874 469 2891 Ἴ
490 2880 498 2884 ”
737 2887 744 2895 ι

378 2858 986 2960 e'·5‘2*t{3‡1{‚²ii{²1ter¹¹1²5¹33¹1¹ss1¹f¹
1009 2861 1433 2953 sessimhassssvkffinisi

373 2963 490 3000 divini
518 2964 656 3010 iudicii,
677 2972 718 3001 ut
738 2965 950 3002 secundum
970 2967 1076 3014 quod
1096 2966 1230 3015 aliquis
1249 2967 1346 3015 fecit,
1366 2980 1432 3016 pa-

371 3016 500 3052 tiatur:
531 3017 743 3054 secundum
771 3017 862 3054 illud
891 3019 1026 3056 Matth.
1047 3019 1152 3056 V11*:
1194 3021 1241 3057 In
1271 3032 1344 3068 quo
1377 3021 1432 3058 iu-

371 3069 467 3105 dicio
488 3069 749 3115 iudicaveritis,
770 3070 1044 3107 iudicabimini:
1063 3077 1100 3108 et
1112 3073 1149 3108 in
1165 3083 1239 3120 qua
1254 3084 1431 3110 mensura

371 3122 492 3158 mensi
499 3123 667 3170 fueritis,
697 3123 910 3159 remetietur
928 3124 1043 3160 vobis.
1087 3125 1189 3172 Ergo
1217 3122 1356 3162 iustum
1377 3133 1433 3162 est

372 3174 590 3223 simpliciter
618 3174 720 3218 idem
749 3177 853 3224 quod
883 3183 1184 3225 contrapassum.

427 3239 462 3264 2.
484 3227 715 3276 PRAETEREA‚
745 3228 783 3265 in
802 3236 961 3278 utraque
990 3229 1149 3266 iustitiae
1178 3229 1304 3278 specie
1324 3229 1433 3268 datur

373 3279 514 3328 aliquid
542 3281 652 3318 alicui
681 3278 892 3320 secundum
922 3282 1114 3331 quandam
1148 3282 1430 3331 aequalitatem:

373 3333 412 3371 in
441 3341 613 3382 respectu
640 3334 796 3383 quidem
834 3335 884 3372 ad
916 3335 1135 3383 dignitatem
1170 3348 1358 3385 personae
1394 3336 1432 3373 in

374 3386 510 3423 iustitia
541 3387 801 3433 distributiva,
831 3399 929 3437 quae
961 3388 1119 3437 quidem
1156 3401 1344 3437 personae
1379 3389 1432 3426 di-

429 3517 456 3549 α)
474 3517 569 3549 aliquis
587 3518 771 3543 communitati
788 3519 907 3545 servivit.
920 3533 940 3539 -—
957 3520 1041 3552 aliqui
1061 3520 1248 3546 communitati
1258 3521 1379 3546 serviunt
1392 3521 1440 3546 Pa.

1485 2756 1605 2804 gnitas
1640 2756 1806 2794 maxime
1834 2757 1985 2794 videtur
2014 2758 2155 2795 attendi
2184 2758 2396 2797 secundum
2431 2772 2551 2810 opera
2598 2804 2605 2810 ,

1486 2809 1624 2858 quibus
1644 2809 1779 2858 aliquis
1800 2809 2062 2848 communitati
2082 2810 2238 2848 servivit
2252 2816 2290 2858 α;
2313 2812 2552 2871 inrespagui
2676 2821 2693 2838 ‘²

1486 2869 1615 2899 autem
1643 2862 1692 2899 ad
1721 2875 1804 2899 rem
1831 2862 1870 2900 in
1899 2875 1976 2911 qua
2003 2863 2088 2911 quis
2116 2863 2384 2903 damnificatus
2416 2873 2483 2914 est,
2512 2865 2551 2905 in

1485 2914 1624 2953 iustitia
1653 2916 1936 2954 commutativa.
1981 2916 2204 2955 Secundum
2244 2925 2372 2956 autern
2406 2918 2555 2977 affecti&

1486 2979 1560 3016 que
1586 2968 1850 3016 aequalitatem
1879 2968 2014 3018 aliquis
2043 2970 2314 3019 contrapatitur
2339 2970 2551 3023 secundisq-

1486 3021 1590 3071 quod
1610 3021 1708 3058 feeit.
1738 3022 1840 3070 Ergo
1859 3021 2011 3059 videtur
2029 3023 2135 3071 quod
2162 3023 2303 3060 iustum
2331 3024 2550 3074 simpliciter

1486 3073 1532 3110 sit
1559 3073 1663 3110 idem
1692 3074 1797 3122 quod
1826 3082 2126 3123 contrapassurn.
2186 3116 2198 3123 N

1541 3127 1576 3163 3.
1597 3127 1831 3174 paam-am,
1851 3127 2020 3165 maxime
2038 3127 2190 3166 videtur
2208 3128 2313 3178 quod
2337 3132 2512 3180 noninpq

1485 3185 1561 3215 teat
1582 3179 1747 3227 aliquem
1768 3179 1977 3229 contrapati
1996 3182 2209 3220 secundum
2225 3181 2331 3232 quod
2349 3175 2446 3232 fecii}
2460 3140 2550 3233 &3

1485 3238 1569 3280 pter
1597 3231 1850 3269 differentiam
1877 3233 2081 3271 voluntarii
2119 3241 2155 3271 et
2182 3228 2453 3291 involunfaffiji
2477 3228 2549 3289 (3ᾗῇ

1486 3283 1590 3322 enirn
1617 3284 1868 3322 involuntarie
1898 3285 1984 3323 fecit
2012 3285 2200 3335 iniuriam,
2229 3283 2547 3336 minusf'puni‘tur.

1487 3337 1564 3374 Sed
1597 3337 1855 3375 voluntarium
1893 3346 1930 3376 et
1956 3339 2280 3388 involuntarium,
2309 3352 2415 3389 ‚quae
2435 3340 2548 3379 -acci-

1485 3389 1639 3438 piuntur
1654 3402 1698 3427 ex
1717 3397 1823 3439 parte
1843 3399 1984 3440 nostra,
2005 3405 2084 3431 non
2103 3393 2364 3431 diversifieant
2374 3393 2546 3431 medium

2666 1390 2691 1406 ς·
2710 1384 2790 1407 ιΤὴ.
2840 1398 2843 1399 ⁷

2579 2139 2789 2183 ’fiiouymoefflm
2836 2152 2841 2181 ¹]

2579 2179 2663 2208 Nom,
2682 2187 2734 2210 esp.
2751 2187 2789 2208 ιη
2840 2192 2841 2195 =

2580 2291 2604 2308 n.
2611 2291 2646 2313 ¹45
2657 2292 2677 2308 ι.
2683 2285 2730 2309 Th.
2738 2278 2790 2310 lect'.
2836 2290 2837 2293 ’

2474 2387 2492 2415 ‘7
2514 2383 2545 2410 73
2581 2382 2714 2406 Commeat.
2729 2389 2752 2405 n.
2765 2373 2792 2406 1⁵1’.
2840 2390 2842 2397 ’
