2860 4244
267 357 426 394 instinctu,
451 357 522 388 ideo
548 368 613 388 non
631 358 777 389 convenit
800 358 843 388 eis
867 357 980 388 habere
1004 358 1185 389 dominium
1209 367 1239 390 et
1262 370 1333 400 pos-

267 401 441 432 sessionem
456 411 561 432 rerum
576 402 692 442 quibus
707 409 885 438 vescuntur,
902 402 1046 442 quamvis
1070 402 1133 432 sint
1155 402 1235 433 facta
1258 413 1331 443 pro-

266 451 335 486 pter
357 445 435 486 ipsa.
461 445 595 476 Homini
616 453 734 483 autem,
750 446 835 487 quia,
851 445 980 483 rationis
999 446 1164 496 particeps,
1183 447 1261 478 liber
1276 455 1330 484 est,

265 532 498 572 imperfectiora
521 543 603 575 quae
625 541 699 565 sunt
721 539 851 574 propter
868 533 991 574 ipsum
998 533 1088 564 facta.
1113 534 1241 565 Utimur
1256 545 1330 575 ergo

266 576 477 607 diversimode
494 577 697 608 exterioribus
721 587 781 607 nos
804 585 834 609 et
857 577 1019 607 animalia:
1044 588 1110 608 non
1127 579 1233 608 solum
1256 579 1328 620 quia

266 620 361 651 etiam
381 619 459 662 ipsis
483 621 671 652 animalibus
695 621 832 660 utimur3
861 621 914 651 sed
939 621 1013 662 quia
1037 629 1073 652 ut
1096 622 1218 652 domini
1242 630 1331 653 natu-

266 664 379 700 raliter,
404 674 441 695 ex
464 672 570 696 nostra
589 671 700 695 natura
718 664 872 701 rationali,
890 665 933 695 eis
949 665 1078 696 utimur.
1103 666 1262 696 Animalia
1277 676 1332 697 au-

303 1131 355 1169 ,2:³³
378 1137 385 1164 ι
403 1148 446 1179 ,ἐξ
475 1129 499 1155 D
514 1129 710 1156 SECUNDUM
724 1130 779 1155 sm
793 1129 1034 1156 PROCEDITUR
1049 1118 1210 1155 Videtur
1224 1118 1328 1167 quod

292 1169 379 1217 “sing
396 1170 462 1233 ἑῗῑιος
476 1182 555 1207 non
574 1170 683 1208 liceat
697 1170 808 1208 alicui
826 1183 908 1208 rem
929 1170 1097 1219 aliquam
1113 1170 1221 1220 quasi
1240 1182 1327 1220 pro-

318 1221 400 1273 „erg
413 1208 443 1262 'ff
458 1222 599 1272 ‚priam
616 1223 825 1272 possidere.
856 1223 986 1260 Omne
1015 1223 1119 1260 enim
1147 1224 1254 1272 quod
1275 1231 1330 1260 est

80 1303 84 1310 .
272 1288 278 1296 ⁷
321 1272 415 1305 &⁴³⁷9
433 1268 473 1309 ⁸<
477 1282 610 1312 contra
641 1275 700 1312 ius
727 1276 899 1313 naturale
938 1283 994 1313 est
1028 1276 1211 1314 illicitum.
1251 1274 1329 1314 Sed

74 1334 93 1352 ’·
92 1359 167 1395 ]''''''‘³
186 1356 232 1375 ,
263 1327 488 1386 seeundum
489 1328 592 1370 jus
598 1329 773 1366 naturale
811 1328 943 1366 omnia
971 1337 1058 1366 sunt
1086 1329 1328 1366 communia:

79 1391 82 1396 ·
254 1369 516 1431 'n'xr‘quidm
543 1381 810 1419 communitati
839 1382 1089 1419 contrariatur
1120 1382 1331 1431 possessio-

263 1445 359 1471 num
385 1433 611 1482 proprietas.
654 1435 758 1483 Ergo
793 1434 964 1472 illicitum
1000 1442 1055 1472 est
1083 1435 1235 1473 cuilibet
1262 1436 1330 1472 ho-

183 1487 230 1526 ἢ.
195 1483 360 1570 Ιτὲιῑίιίιιί
388 1487 636 1536 appropriare
665 1487 736 1524 sibi
772 1487 941 1536 aliquam
970 1500 1052 1524 rem
1090 1489 1329 1525 exteriorem.

320 1551 356 1577 2.
381 1539 618 1587 Prummu,
647 1539 808 1577 Basilius
838 1540 927 1577 dicit
945 1539 977 1587 *,
998 1552 1194 1588 exponens
1222 1552 1331 1589 prae-

195 1549 410 1630 “kdictum
430 1591 451 1613 *
468 1593 632 1629 verbum
663 1592 809 1630 divitis:
838 1594 944 1629 Sicut
974 1594 1058 1641 qui,
1082 1594 1332 1641 praeueniens

264 1645 318 1683 ad
334 1650 352 1667 ‘⁵
378 1645 611 1694 spectacula,
634 1646 855 1694 prohiberet
884 1646 1141 1692 advenientes,
1169 1646 1242 1683 sibi
1267 1658 1331 1694 ap-

259 1698 496 1748 propriando
516 1698 618 1747 quod
643 1698 695 1735 ad
712 1710 951 1735 communem
980 1710 1089 1735 usum
1113 1699 1333 1742 ordinatur,-

263 1749 403 1788 similes
428 1756 517 1787 sunt
541 1751 671 1788 dim'tes
698 1752 765 1800 qui
790 1752 1024 1797 communia,
1053 1763 1151 1800 quae
1171 1763 1333 1800 praeoc-

265 1809 510 1852 cupaverunt,
525 1804 726 1841 aestimant
741 1816 812 1841 sua
830 1817 920 1841 esse.
951 1804 1029 1841 Sed
1047 1804 1214 1842 illicitum
1235 1812 1334 1842 esset

254 1855 513 1906 'praecludere
540 1856 646 1894 viam
674 1857 762 1894 aliis
782 1857 832 1894 ad
859 1857 1086 1906 potiendum
1119 1858 1333 1895 communi-

263 1910 339 1947 bus
357 1909 480 1946 bonis.
511 1910 614 1958 Ergo
634 1909 804 1947 illicitum
825 1917 881 1947 est
907 1910 1154 1959 appropriare
1174 1911 1245 1948 sibi
1270 1911 1334 1948 ali-

258 1964 385 2013 quam
413 1974 497 1999 rem
525 1974 789 2000 communem.

201 2032 204 2034 v
211 2037 241 2071 ·‚
322 2015 357 2053 3.
377 2014 614 2063 PRAETEREA,
633 2015 863 2053 Ambrosius
883 2015 972 2053 dicit
992 2017 1023 2063 *,
1046 2023 1083 2052 et
1110 2016 1304 2053 habetur
1295 2029 1333 2053 in

93 2073 151 2093 “··
178 2048 241 2125 11,ιέ
265 2067 462 2116 Decretis,
490 2068 576 2106 dist.
606 2062 768 2116 XLVII,
798 2081 881 2106 can.
911 2069 1015 2106 Sicut
1039 2070 1100 2106 hi.-

141 2107 240 2151 ἆῖ-’ῑ
260 2122 378 2160 mo
405 2120 506 2158 dicat
530 2121 632 2170 quod
657 2127 713 2158 est
745 2133 956 2159 commune.
994 2123 1172 2170 Appellat
1204 2130 1332 2159 autern

258 2279 354 2330 quis
379 2279 602 2328 appropriet
627 2279 699 2317 sibi
727 2280 893 2329 aliquam
922 2292 1004 2317 rem
1033 2281 1272 2318 exteriorem.

75 2386 97 2421 ἐξ
111 2418 118 2426 s
161 2392 200 2411 ¹¹·-
267 2385 314 2423 de
338 2385 501 2425 Haeres.
522 2385 562 2422 *z
591 2386 798 2434 Apostolici
818 2386 993 2423 dicuntur
1019 2387 1085 2434 qui
1105 2399 1145 2423 se
1170 2387 1243 2423 hoc
1267 2398 1333 2423 no-

257 2438 369 2476 mine
386 2439 699 2488 arrogantissime
715 2444 957 2486 vocaverunt,
977 2451 1021 2475 eo
1041 2440 1142 2487 quod
1166 2440 1203 2476 in
1223 2451 1332 2476 suam

264 2491 570 2528 communionem
589 2503 663 2528 non
691 2492 904 2540 acciperent
930 2497 1070 2528 utentes
1097 2492 1331 2542 coniugibus,

260 2546 380 2582 κίνει
393 2544 572 2593 proprias
592 2545 833 2592 possidentes,
853 2544 982 2593 quales
1008 2545 1119 2581 habet
1141 2545 1332 2582 Catholica

262 2596 437 2635 Ecclesia
465 2602 502 2633 et
533 2598 738 2634 monachos
766 2603 802 2634 et
833 2597 988 2634 clericos
1016 2597 1216 2645 plurimos.
1255 2597 1331 2635 Sed

263 2650 356 2688 <ideo
376 2649 434 2687 isti
453 2649 631 2687 haeretici
655 2657 743 2687 sunt
771 2650 956 2699 quoniam
976 2648 1003 2698 β,
1023 2662 1064 2687 se
1093 2651 1141 2687 ab
1161 2650 1332 2687 Ecclesia

260 2710 500 2753 separantes,
528 2703 672 2740 nullam
701 2715 811 2752 spem
839 2710 975 2752 putant
1002 2715 1069 2740 eos
1097 2704 1239 2740 habere
1267 2700 1332 2752 qui

266 2762 424 2794 utuntur
450 2755 509 2792 his
536 2756 671 2803 rebus,
701 2756 840 2806 quibus
868 2756 939 2805 ipsi
968 2763 1108 2793 carent.
1146 2757 1215 2793 Est
1243 2768 1334 2804 ergo

270 2819 476 2846 erroneum
501 2807 627 2846 dicere
645 2808 753 2857 quod
780 2821 860 2846 non
879 2809 989 2845 liceat
1014 2809 1162 2846 homini
1180 2809 1335 2858 propria

266 2860 477 2910 possidere.

323 2915 548 2963 REsponnEo
563 2925 749 2950 nrcEnnUM
763 2913 870 2962 quod
890 2913 989 2950 circa
1008 2926 1090 2950 rem
1106 2914 1332 2951 exteriorem

269 2966 348 3004 duo
368 2960 593 3015 competunt
615 2965 774 3003 homini.
805 2966 982 3012 Quorum
1010 2978 1132 3003 unum
1152 2973 1208 3003 est
1224 2974 1331 3015 pote-

267 3126 339 3163 Et
348 3132 404 3162 est
440 3124 555 3162 etiam
584 3124 842 3162 necessarium
870 3124 919 3161 ad
953 3125 1167 3161 humanam
1199 3124 1331 3172 vitam,

268 3185 426 3228 propter
443 3177 524 3215 tria.
553 3178 683 3215 Primo
703 3177 872 3227 quidem,
891 3177 983 3226 quia
1010 3177 1130 3225 magis
1154 3177 1333 3215 sollicitus

268 3238 327 3269 est
353 3230 614 3279 unusquisque
642 3230 691 3268 ad
724 3230 1010 3280 procurandum
1049 3230 1191 3278 aliquid
1227 3227 1362 3280 quod

267 3349 387 3375 mune
407 3336 583 3374 omnium
601 3337 664 3374 vel
684 3337 914 3374 multorum:
944 3336 1033 3385 quia
1056 3336 1331 3385 unusquisque,

322 3466 350 3500 α)
369 3466 414 3492 ad.
428 3479 447 3486 -
465 3467 526 3492 Om.
541 3466 645 3492 codices
665 3471 690 3491 et
710 3467 756 3491 Ρα.

321 3500 347 3534 β)
366 3502 500 3535 quoniam.
513 3515 532 3521 —
550 3502 596 3534 qui
614 3503 653 3527 ed.
673 3509 698 3530 a,
718 3501 781 3534 quia
799 3501 828 3526 P.

321 3537 348 3570 γ)
367 3537 470 3570 aliquid
488 3538 559 3570 quod
577 3541 624 3562 est.
638 3550 656 3556 -
674 3537 711 3562 ad
729 3537 800 3569 quod
818 3540 858 3562 est
876 3537 1014 3569 ABCFpK,
1034 3537 1063 3562 id
1081 3538 1152 3570 quod
1166 3542 1206 3563 est
1225 3538 1331 3567 DEGla,

269 3572 306 3597 ad
324 3572 353 3598 id
371 3572 443 3605 quod
461 3576 500 3598 est
518 3573 549 3602 L,
567 3573 639 3605 quod
657 3576 697 3597 est
715 3580 741 3603 x,
762 3572 790 3597 id
808 3572 880 3604 quod
899 3573 926 3610 F}-

945 280 1213 326 QUAESTIO
1245 282 1383 328 LXVI,
1414 283 1710 320 ARTICULUS
1740 284 1770 319 ll

267 489 414 520 convenit
436 499 492 530 per
515 489 650 520 modum
674 489 808 520 dominii
831 497 862 521 et
885 489 1093 530 possessionis
1118 497 1153 521 ut
1176 491 1215 521 sit
1237 501 1332 531 super
1357 511 1379 541 Ι

1111 2070 1332 2118 ,Proprium
1359 2077 1361 2088 ¹

260 2185 492 2212 communes
511 2185 572 2211 res
590 2174 816 2212 exteriores·
846 2175 942 2211 sicut
959 2182 1063 2223 patet
1091 2188 1136 2212 ex
1155 2174 1214 2212 his
1233 2187 1333 2224 quae
1359 2169 1360 2173 ’

264 2225 483 2277 praemittit.
512 2227 616 2277 Ergo
642 2226 798 2264 videtur
823 2226 993 2264 illicitum
1021 2239 1103 2264 esse
1136 2228 1241 2287 quod
1270 2229 1333 2265 ali·
1359 2234 1360 2251 ³

2398 286 2444 321 85

1357 367 1359 386 ἰ
1386 367 1448 391 tem
1473 368 1503 391 et
1526 361 1674 392 instinctu
1695 369 1822 392 naturae
1847 362 1892 392 uti
1916 362 2072 398 dicuntur,
2093 369 2123 392 et
2146 362 2319 412 improprie
2338 363 2384 393 uti
2404 363 2448 393 di-

1357 391 1359 438 l,
1387 411 1501 435 cuntur
1519 405 1562 435 eis
1581 405 1697 446 quibus
1712 413 1895 436 v:escuntur
1921 413 1956 436 ut
1979 413 2065 446 patet
2088 416 2124 436 ex
2148 406 2237 436 dictis
2260 406 2292 436 in
2316 413 2447 438 tractatu

1386 449 1424 478 de
1440 449 1514 478 uti*
1517 456 1598 485 ,etc.
1622 450 1663 480 Et
1686 449 1758 480 ideo
1783 460 1847 480 non
1867 460 1903 480 ex
1918 450 2026 486 altero,
2042 450 2097 480 sed
2118 456 2254 491 utroque
2269 450 2364 480 simul
2383 453 2448 481 Αιι-

1376 498 1453 522 ctor
1467 492 1500 522 in
1515 472 1617 523 littera
1633 493 1768 524 ostendit
1784 494 1924 524 naturale
1939 493 2078 524 hominis
2095 494 2327 533 possessorium
2343 504 2447 524 rerum

1386 536 1592 566 exteriorum:
1624 546 1661 567 ex
1684 537 1745 567 hoc
1769 537 1886 568 scilicet
1914 539 2002 578 quod
2024 538 2077 568 illa
2101 544 2174 568 sunt
2196 537 2277 568 facta
2301 537 2448 578 [propter

1385 577 1517 621 ipsum]‚
1542 587 1653 620 utpote
1676 581 1923 622 imperfectiora,
1949 588 1979 612 et
2001 581 2100 612 homo
2124 581 2218 612 habet
2240 581 2395 612 rationem
2419 590 2449 613 et

1356 616 1360 694 ι
1386 623 1592 654 voluntatem.

1032 842 1353 884 ARTICULUS
1383 841 1682 884 SECUNDUS

606 923 763 965 UTRUM
787 934 948 966 LICEAT
972 934 1119 966 ALicU1
1142 935 1234 966 REM
1257 934 1457 971 ALIQUAM
1481 936 1608 972 QUASI
1632 936 1852 968 PROPRIAM
1876 937 2107 969 PossinERE

1001 1023 1032 1047 [ΙΙ
1054 1022 1131 1048 Cont.
1152 1023 1239 1052 Gent.‚
1259 1030 1316 1055 cap.
1336 1029 1432 1054 cxxvn;
1452 1023 1472 1047 ll
1492 1023 1580 1052 Polit„
1600 1024 1656 1048 lect.
1677 1032 1710 1049 ιν.

1381 1119 1555 1156 laborem
1574 1119 1734 1167 fugiens,
1755 1121 1931 1170 relinquit
1958 1122 2063 1158 alteri
2091 1122 2130 1159 id
2158 1123 2264 1171 quod
2286 1125 2447 1172 pertinet

1382 1171 1431 1208 ad
1461 1183 1690 1218 commune;
1729 1173 1825 1210 sicut
1860 1174 1999 1211 accidit
2027 1174 2065 1211 in
2102 1175 2340 1213 multitudine
2378 1177 2446 1213 rni-

1382 1223 1598 1262 nistrorum.
1619 1225 1748 1262 -Alio
1779 1226 1919 1274 modo,
1950 1227 2039 1275 quia
2068 1227 2274 1266 ordinatius
2301 1241 2360 1266 res
2379 1230 2447 1266 hu-

1383 1289 1521 1314 manae
1557 1285 1761 1315 tractantur
1804 1280 1834 1316 si
1871 1279 2024 1327 singulis
2062 1280 2260 1318 immineat
2295 1282 2448 1331 propria

1383 1342 1474 1367 cura
1501 1330 1658 1368 alicuius
1685 1331 1738 1368 rei
1766 1333 2051 1380 procurandae:
2082 1341 2180 1370 esset
2203 1342 2329 1371 autem
2359 1347 2448 1372 con-

1382 1382 1479 1420 fusio
1499 1383 1530 1420 si
1549 1383 1706 1433 quilibet
1724 1384 1937 1422 indistincte
1958 1385 2148 1445 quaelibet
2169 1395 2401 1435 procuraret.
2423 1410 2446 1416 —

1384 1436 1530 1484 Tertio,
1560 1436 1648 1485 quia
1675 1449 1745 1485 per
1773 1438 1848 1474 hoc
1876 1438 1996 1486 magis
2023 1438 2206 1487 pacificus
2235 1447 2352 1476 status
2379 1441 2447 1478 ho-

1385 1489 1535 1525 minurn
1573 1497 1842 1538 conservatur,
1873 1491 1966 1528 dum
2002 1492 2265 1541 unusquisque
2303 1505 2343 1529 re
2379 1506 2447 1531 sua

1385 1549 1586 1578 contentus
1607 1549 1672 1579 est.
1702 1543 1813 1580 Unde
1841 1542 2019 1580 videmus
2047 1544 2153 1592 quod
2181 1544 2277 1581 inter
2296 1558 2362 1582 eos
2383 1547 2447 1595 qui

1385 1594 1642 1630 communiter
1662 1602 1698 1631 et
1719 1607 1763 1631 ex
1781 1595 1944 1632 indiviso
1975 1596 2115 1644 aliquid
2142 1598 2351 1645 possident,
2375 1599 2447 1642 fre-

1386 1646 1563 1696 quentius
1590 1647 1710 1695 iurgia
1739 1648 1921 1685 oriuntur.

1439 1699 1552 1736 Aliud
1572 1712 1667 1736 vero
1688 1701 1793 1748 quod
1814 1700 1994 1750 competit
2011 1700 2159 1738 homini
2180 1702 2278 1738 circa
2307 1715 2366 1739 res
2386 1716 2447 1740 ex-

1386 1752 1542 1789 teriores
1562 1760 1617 1789 est
1635 1765 1726 1790 usus
1745 1752 1926 1802 ipsarum.
1948 1754 1997 1790 Et
2016 1761 2203 1812 quantum
2218 1755 2266 1792 ad
2281 1755 2356 1792 hoc
2370 1768 2448 1793 non

1387 1806 1501 1843 debet
1527 1806 1647 1842 homo
1684 1806 1825 1843 habere
1853 1818 1913 1843 res
1947 1807 2149 1843 exteriores
2176 1814 2218 1844 ut
2253 1809 2447 1857 proprias,

1386 1859 1479 1896 sed
1473 1865 1533 1895 ut
1569 1870 1816 1896 communes:
1853 1868 1896 1895 ut
1923 1859 2063 1896 scilicet
2098 1860 2145 1896 de
2180 1859 2277 1897 facili
2313 1861 2448 1911 aliquis
2478 1873 2483 1877 ·

1388 1924 1432 1948 ea
1450 1909 1464 1933 δ
1493 1911 1754 1948 communicet
1780 1912 1818 1949 in
1845 1911 2088 1949 necessitates
2124 1912 2298 1950 aliorum.
2336 1913 2448 1952 Unde

1386 1965 1594 2013 Apostolus
1624 1964 1722 2011 dicit,
1745 1965 1759 2001 I
1787 1965 1840 2001 ad
1859 1965 1954 2002 Tim.
1975 1965 2039 2002 ult.
2060 1964 2098 2001 *.
2127 1965 2313 2003 Divitibus
2339 1968 2486 2004 huius

1386 2017 1528 2054 saeculi
1547 2018 1726 2066 praecipe
1741 2017 1864 2066 facile
1890 2018 2063 2063 tribuere,
2084 2019 2376 2057 communicare.

1440 2072 1499 2108 An
1527 2082 1666 2107 PRIMUM
1702 2082 1800 2107 ERGO
1838 2082 2023 2107 mcENDUM
2059 2071 2164 2119 quod
2193 2072 2448 2110 communitas

1387 2135 1513 2159 rerum
1542 2123 1753 2160 attribuitur
1779 2123 1851 2160 iuri
1879 2123 2048 2170 naturali,
2073 2135 2152 2160 non
2181 2124 2270 2172 quia
2296 2125 2354 2161 ius
2382 2137 2447 2162 na-

1387 2177 1504 2212 turale
1533 2175 1647 2212 dictet
1674 2175 1804 2213 omnia
1833 2187 1915 2212 esse
1933 2176 2166 2225 possidenda
2193 2177 2448 2215 communiter

1388 2236 1424 2265 et
1451 2228 1543 2267 nihil
1572 2240 1654 2265 esse
1681 2229 1790 2278 quasi
1821 2229 2019 2278 proprium
2055 2229 2352 2277 possidendum:
2381 2232 2448 2268 sed

1358 2286 1360 2304 ³
1386 2281 1475 2331 quia
1512 2282 1725 2320 secundum
1762 2282 1821 2319 ius
1849 2282 2017 2319 naturale
2053 2294 2132 2319 non
2168 2291 2224 2320 est
2259 2283 2447 2320 distinctio

321 2333 398 2370 SED
417 2343 563 2370 coum
582 2344 649 2370 EST
668 2333 774 2380 quod
802 2333 1036 2381 Augustinus
1057 2333 1157 2381 dicit,
1178 2333 1217 2371 in
1235 2333 1331 2370 libro
1358 2353 1360 2359 ν

1386 2334 1692 2383 possessionum,
1728 2335 1796 2372 sed
1834 2335 1954 2382 magis
1985 2334 2196 2372 secundum
2233 2337 2448 2374 humanum

1387 2387 1625 2435 condictum,
1656 2387 1762 2435 quod
1789 2387 1951 2437 pertinet
1986 2387 2034 2424 ad
2067 2387 2125 2424 ius
2153 2388 2379 2436 positivum,
2409 2397 2450 2426 ut

1387 2452 1501 2489 supra
1514 2440 1535 2462 '¹‘
1554 2440 1697 2477 dictum
1718 2448 1784 2477 est.
1805 2440 1915 2478 Unde
1931 2440 2142 2489 proprietas
2160 2441 2448 2489 possessionum

1386 2505 1465 2530 non
1491 2500 1547 2530 est
1574 2500 1706 2530 contra
1725 2493 1783 2530 ius
1803 2494 1994 2539 naturale3
2023 2493 2092 2530 sed
2111 2493 2182 2530 iuri
2210 2495 2370 2531 naturali
2389 2508 2450 2532 su-

1386 2545 1605 2595 peradditur
1631 2558 1701 2594 per
1729 2546 2040 2584 adinventionem
2065 2546 2218 2583 rationis
2245 2548 2447 2585 humanae.

1438 2600 1498 2635 AD
1527 2611 1718 2636 SECUNDUM
1750 2611 1937 2636 DtCENDUM
1963 2599 2068 2648 quod
2096 2599 2156 2636 ille
2185 2600 2263 2648 qui,
2292 2613 2449 2649 praeve-

1386 2651 1493 2688 niens
1521 2651 1570 2689 ad
1598 2653 1824 2701 spectacula,
1854 2660 2099 2702 praepararet
2127 2652 2205 2689 aliis
2232 2653 2350 2701 viam,
2371 2666 2449 2691 non

1387 2704 1510 2741 illicite
1538 2712 1686 2752 ageret:
1714 2705 1782 2742 sed
1803 2717 1848 2741 ex
1875 2706 1950 2742 hoc
1977 2705 2101 2741 illicite
2120 2705 2196 2753 agit
2224 2707 2329 2753 quod
2355 2707 2449 2743 alios

1386 2757 1573 2806 prohibet.
1591 2758 1641 2794 Et
1655 2757 1823 2795 similiter
1838 2758 1946 2795 dives
1961 2769 2040 2794 non
2054 2757 2178 2794 illicite
2193 2758 2269 2806 agit
2282 2759 2324 2806 si,
2340 2771 2449 2808 prae-

1387 2822 1580 2858 occupans
1599 2811 1885 2859 possessionem
1914 2810 1967 2847 rei
1986 2822 2085 2858 quae
2114 2823 2136 2847 a
2164 2811 2349 2859 principio
2371 2820 2449 2849 erat

1387 2863 1616 2910 communis,
1645 2863 1726 2900 aliis
1745 2868 1758 2884 ⁵
1786 2863 2064 2900 communicat:
2093 2870 2225 2911 peccat
2260 2871 2388 2901 autem
2418 2865 2446 2901 si

1387 2915 1480 2951 alios
1499 2916 1548 2952 ab
1575 2927 1647 2952 usu
1666 2915 1761 2952 illius
1787 2915 1840 2952 rei
1868 2915 2068 2952 indiscrete
2095 2915 2307 2963 prohibeat.
2336 2917 2447 2954 Unde

1359 2983 1360 3006 ι
1387 2967 1546 3004 Basilius
1574 2967 1717 3005 ibidem
1746 2967 1854 3005 dicit:
1889 2968 1968 3004 Cur
1994 2973 2032 3004 tu
2060 2969 2240 3014 abundas,
2270 2969 2331 3005 ille
2357 2981 2446 3006 vero

269 3027 345 3058 stas
372 3017 604 3068 procurandi
633 3026 670 3055 et
697 3018 952 3068 dispensandi.
991 3019 1041 3055 Et
1068 3026 1255 3067 quantum
1284 3020 1360 3056 ad
1359 3045 1361 3061 ,
1386 3020 1582 3068 mendicat,
1603 3020 1676 3057 nisi
1701 3026 1743 3056 ut
1763 3026 1800 3057 tu
1828 3021 1950 3059 bonae
1967 3019 1980 3044 t
2007 3020 2288 3069 dispensationis
2314 3023 2447 3060 merita

267 3073 345 3110 hoc
379 3071 523 3109 licitum
561 3079 618 3108 est
645 3071 750 3120 quod
787 3072 907 3109 homo
935 3071 1090 3121 propria
1125 3071 1331 3120 possideat.
1359 3066 1361 3126 ξ
1387 3084 1637 3121 consequaris,
1649 3073 1710 3109 zlle
1718 3084 1808 3110 vero
1817 3073 2021 3122 patientiae
2028 3085 2212 3121 praemus
2224 3075 2448 3112 coronetur?

1440 3127 1499 3162 An
1536 3137 1696 3163 TERTtUM
1731 3137 1915 3163 nicENDUM
1957 3126 2063 3174 quod
2099 3139 2190 3163 curn
2230 3127 2318 3164 dicit
2354 3129 2447 3164 Am-

1387 3178 1547 3215 brosius.
1567 3179 1693 3215 Nemo
1706 3179 1906 3238 proprium
1925 3179 2027 3215 dicat
2047 3180 2149 3227 quod
2165 3185 2220 3216 est
2235 3191 2445 3227 commune,

1386 3220 1551 3280 loquitur
1570 3231 1617 3268 de
1646 3231 1874 3280 proprietate
1898 3239 2083 3280 quantum
2103 3232 2152 3269 ad
2180 3244 2305 3269 usum.
2335 3233 2445 3270 Unde

269 3284 340 3322 sibi
368 3284 439 3321 soli
467 3283 650 3343 competit
675 3295 794 3332 quam
814 3283 955 3333 aliquid
984 3283 1091 3343 quod
1119 3291 1174 3321 est
1191 3289 1208 3311 Υ
1228 3296 1333 3321 corn-
1359 3284 1533 3321 'subdit.
1568 3284 1657 3321 Plus
1690 3296 1804 3333 quam
1839 3286 2030 3333 sufficeret
2057 3285 2238 3333 sumptui,
2267 3285 2447 3323 violenter

1386 3338 1578 3404 phtentum
1606 3343 1668 3374 est.

1440 3466 1465 3500 ὅ)
1485 3475 1524 3492 ea.
1538 3481 1557 3487 —
1574 3475 1619 3493 eas
1638 3468 1790 3493 PDGHsCK
1810 3473 1835 3492 et
1853 3475 1880 3492 a.
1891 3481 1909 3486 -
1927 3467 1977 3491 Pro
1996 3467 2171 3495 necessitates,
2192 3467 2346 3492 necessitate
2363 3468 2394 3492 D.

1439 3503 1461 3532 ε)
1481 3503 1551 3528 aliis.
1565 3517 1583 3522 -
1602 3503 1682 3528 etiam
1702 3503 1771 3527 addit
1789 3503 1818 3527 P.

1439 3537 1464 3570 ζ)
1484 3538 1575 3563 bonae.
1589 3552 1608 3558 -
1626 3538 1694 3563 bona
1713 3537 1972 3570 BCDEFHIKpAGL
1992 3542 2017 3562 et
2034 3544 2060 3562 a.

2476 459 2518 480 ¹1²¹
2526 459 2580 487 11²²,
2589 466 2627 487 qu.
2640 467 2686 484 xvi.

2501 1975 2568 1997 vers.
2583 1981 2613 2002 ¹7.
2629 1976 2659 1997 18.

2477 2449 2487 2459 ·
2495 2448 2544 2476 Qu.
2550 2454 2606 2475 ινιι,
2615 2452 2659 2470 art.
2667 2454 2687 2474 2,

2476 2481 2499 2503 3.
