2860 4244
39 1532 54 1540 .·
84 1524 139 1546 ‘a'
163 1523 228 1538 ,ἘΣΥΔ

994 270 1260 317 QUAEST10
1289 271 1428 317 LXIX,

329 352 417 382 cluso
441 349 541 390 frangi
564 359 666 380 seram
688 348 827 386 carceris,
845 355 875 379 et
897 349 936 378 ab
960 354 1044 379 extra
1068 357 1085 377 a
1108 347 1222 378 liberis.
1246 348 1318 378 Hoc
1341 355 1387 379 est

329 394 486 425 offendere
500 393 661 434 publicam
681 400 880 444 potestatem,
898 391 988 422 cuius
1011 397 1057 421 est
1073 400 1185 427 carcer,
1202 391 1282 422 sicut
1305 391 1385 421 fran-

328 448 400 478 gere
423 438 473 468 vel
495 437 614 478 aperire
629 438 729 468 invito
747 436 879 467 domino
898 436 1034 466 domum
1051 434 1206 475 privatam
1225 442 1271 465 est
1289 434 1387 466 offen-

329 482 401 512 dere
424 481 593 512 dominum
615 481 714 512 illius:
744 481 824 511 illud
846 485 954 511 autem
975 479 1016 510 ad
1036 477 1154 509 licitam
1177 478 1286 519 fugam
1315 489 1387 519 spe·
1412 478 1415 508 Ι

329 532 411 556 ctare
434 525 566 556 videtur.
591 542 612 548 -
634 525 700 556 Nec
722 525 812 560 tales,
836 523 967 559 inventi,
993 522 1180 563 punirentur
1202 523 1276 563 quia
1299 523 1387 553 adiu·
1412 516 1415 527 '

328 569 391 600 turi
407 575 494 600 erant
512 569 552 600 ad
567 568 692 608 fugam:
716 568 771 598 sed
793 567 869 608 quia
891 573 1143 607 praesumeretur
1165 567 1254 607 quod
1278 573 1387 597 contra

329 613 491 653 publicam
514 619 702 653 potestatem
725 617 940 651 operarentur.

385 657 422 687 V.
438 657 489 687 Ad
500 661 624 687 sextam
641 655 861 696 quaestionem
877 653 990 684 dicitur
1005 653 1094 694 quod
1110 653 1189 684 ratio
1205 653 1325 684 litterae
1342 661 1388 684 est
1412 677 1414 691 ,

329 700 465 741 optima:
490 699 544 730 sed
568 709 634 729 non
648 699 691 729 sic
707 698 891 729 deducenda
906 705 952 729 est
975 704 1010 728 ut
1027 698 1189 737 arguendo
1209 697 1384 728 deducitur.
1412 695 1414 700 ’

328 743 475 775 Soliditas
497 742 655 783 siquidem
676 741 760 772 illius
776 742 905 772 rationis
921 742 1040 772 litterae
1055 748 1102 772 est
1120 741 1292 772 differentia
1306 741 1387 771 inter

327 786 566 818 damnationem
588 786 629 816 ad
651 786 733 826 pati,
757 792 788 817 et
811 785 1050 816 damnationem
1073 785 1113 815 ad
1136 785 1247 816 facere.
1276 785 1318 816 Et
1339 785 1386 815 in-

327 830 428 862 tendit
456 830 546 871 quod
569 830 736 860 damnatus
759 830 797 860 ad
821 829 886 870 pati
913 839 979 860 non
1002 835 1126 860 tenetur
1155 829 1196 859 ad
1222 828 1324 859 facere
1353 828 1386 858 id

328 874 413 905 unde
436 880 587 914 sequatur
610 883 706 904 suum
729 873 803 914 pati.
827 873 868 903 Et
890 873 924 903 in
946 879 1100 913 promptu
1123 872 1204 903 ratio
1223 878 1286 903 est:
1311 871 1387 912 quia
1411 895 1413 908 ,

328 927 396 949 ιιοιι
418 925 466 949 est
493 918 661 948 damnatus
691 917 731 948 ad
760 917 871 948 facere.
902 917 994 948 Unde
1022 916 1154 947 assumit
1187 916 1277 955 quod
1311 915 1387 955 quia
1411 911 1413 916 '

328 962 436 993 nullus
464 961 632 992 damnatur
654 961 694 991 ad
715 967 853 991 mortem
876 961 920 991 sic
947 967 983 991 ut
1005 960 1063 990 sibi
1091 966 1229 990 mortem
1255 957 1384 994 inferat,

327 1006 383 1037 sed
406 1012 442 1037 ut
463 1005 609 1046 patiatur,
633 1005 705 1036 ideo
729 1015 795 1036 non
813 1011 937 1036 tenetur
959 1003 1059 1035 facere
1081 1003 1114 1044 id
1137 1003 1222 1033 unde
1237 1009 1386 1043 sequatur
1411 1022 1413 1036 ‹

329 1049 393 1100 pati
417 1056 569 1080 mortem:
599 1049 689 1090 quod
718 1055 823 1079 tamen
851 1048 967 1079 faceret
996 1047 1022 1077 si
1045 1046 1220 1077 contineret
1246 1046 1386 1086 seipsum

328 1093 362 1124 in
385 1094 500 1124 eodem
521 1093 611 1129 loco,
635 1099 749 1133 potens
773 1092 914 1131 seipsum
938 1090 1011 1121 inde
1034 1099 1172 1120 movere.
1203 1089 1244 1119 Et
1266 1089 1317 1120 hic
1340 1097 1386 1120 est

327 1147 420 1168 verus
444 1147 554 1168 sensus
577 1136 671 1167 huius
693 1135 833 1166 rationis.
856 1135 897 1165 Et
919 1134 992 1164 hinc
1016 1140 1101 1174 patet
1123 1133 1202 1164 ratio
1226 1133 1386 1164 dictorum

37 1214 51 1222 η
91 1184 188 1210 'Num
202 1192 229 1209 ιι.
327 1181 361 1211 in
384 1181 539 1212 secundae
563 1179 768 1211 dubitationis
791 1178 952 1209 solutione
968 1177 996 1208 *.

46 1227 50 1234 ’
382 1225 434 1255 Ad
447 1225 613 1265 septimam
629 1222 862 1254 dubitationem
877 1221 991 1252 dicitur
1007 1221 1095 1262 quod
1110 1227 1281 1261 postquam
1295 1226 1386 1252 ortus

329 1273 376 1299 est
389 1268 446 1299 Sol
459 1268 616 1303 Iustitiae,
636 1267 783 1298 Christus
795 1266 886 1297 Deus
902 1270 1020 1303 noster,
1038 1264 1224 1304 cognovisse
1239 1264 1387 1296 videntur
1412 1272 1415 1303 ι

327 1311 446 1343 iudices
469 1311 559 1352 quod
581 1311 643 1342 hoc
666 1320 731 1341 non
754 1310 842 1341 licet:
866 1309 1011 1360 quamvis
1033 1309 1114 1340 forte
1134 1315 1252 1339 veteres
1275 1318 1386 1339 conce-

328 1355 434 1387 dendo
463 1355 629 1396 optionem
654 1353 777 1394 generis
804 1353 917 1384 mortis
947 1352 1047 1393 magis
1075 1362 1173 1394 quam
1197 1352 1384 1390 iudicando,

327 1399 611 1436 faciebantcheec.
629 1398 913 1435 Quemadmodum
940 1397 1026 1427 enim
1049 1406 1115 1427 non
1136 1396 1209 1427 licet
1238 1397 1386 1428 damnare

269 1457 300 1459 ι’
315 1435 469 1485 fiisuem
482 1449 519 1474 ut
533 1442 672 1483 seipsum
689 1441 861 1478 confodiat,
877 1441 921 1472 ita
935 1450 993 1472 nec
1008 1441 1096 1482 quod
1112 1440 1253 1480 seipsum
1267 1447 1388 1481 mergat

328 1494 384 1520 aut
405 1496 530 1518 veneno
553 1486 687 1518 occidat.
712 1485 797 1523 Quia
818 1484 972 1516 sententia
995 1485 1088 1515 debet
1105 1494 1173 1514 esse
1195 1484 1234 1514 de
1250 1490 1321 1515 actu
1340 1484 1388 1515 iu-

329 1530 446 1563 stitine·
477 1540 543 1561 non
567 1536 615 1561 est
641 1536 760 1561 autem
775 1535 863 1560 aetus
890 1528 1026 1560 iustitiae
1055 1527 1197 1567 seipsum
1224 1527 1386 1564 occidere;

287 1572 289 1576 ’
327 1581 400 1607 ιιιιιι
421 1574 498 1616 quia
514 1580 602 1606 actus
616 1573 753 1604 iustitiae
767 1579 815 1603 est
828 1564 868 1603 ad
884 1572 1028 1608 alterum,
1045 1578 1077 1602 et
1091 1581 1158 1601 non
1172 1571 1212 1601 ad
1227 1571 1386 1611 seipsum

154 1629 180 1644 -w
260 1622 262 1624 ’
327 1626 400 1651 tum
422 1618 498 1660 quia
520 1625 568 1649 est
589 1623 698 1649 contra
720 1617 771 1648 ius
793 1622 925 1647 naturae
947 1622 979 1646 et
1001 1615 1172 1651 caritatem,
1189 1621 1226 1645 ut
1243 1615 1276 1645 in
1292 1625 1387 1656 quae-

50 1695 54 1702 .
88 1668 303 1711 ‘mm-ms
324 1663 431 1696 suone
454 1663 494 1694 de
515 1661 691 1693 homicidio
706 1660 724 1680 *
745 1660 891 1692 habitum
913 1666 971 1690 est.

76 1718 123 1747 [ω
131 1722 227 1749 31„
207 1730 243 1743 ,,,,,
382 1706 438 1753 vl
461 1706 513 1737 Ad
526 1711 670 1740 octavam
687 1700 919 1736 dubitationem
935 1703 1045 1734 dicunt
1063 1702 1196 1743 quidam
1216 1703 1306 1743 quod
1321 1712 1388 1733 non

39 1750 48 1791 ζ
67 1747 205 1790 ,,Μ4“Ᾰ
235 1756 262 1770 Μ·
327 1755 452 1795 tenetur
474 1749 650 1785 comedere,
674 1748 730 1779 sed
752 1754 866 1789 potest,
883 1754 1038 1788 tanquam
1060 1746 1216 1787 patienter
1238 1746 1389 1777 sufferens

327 1789 525 1830 sententiam,
549 1793 668 1834 absque
692 1792 764 1823 cibo
788 1798 949 1832 expectare
972 1797 1119 1822 mortem.
1151 1790 1214 1824 Sed
1236 1790 1299 1822 hoc
1322 1800 1388 1821 non

324 1839 375 1870 eet
389 1836 511 1869 verum.
536 1836 621 1875 Quia
642 1846 702 1867 nec
724 1836 844 1876 privata
863 1845 921 1866 nec
935 1835 1062 1876 publica
1076 1835 1262 1866 auctoritate
1284 1841 1390 1875 potest

325 1881 401 1923 quis
415 1882 558 1922 seipsum
578 1880 662 1912 licite
677 1879 836 1911 occidere:
859 1886 984 1910 constat
1001 1885 1109 1910 autem
1131 1879 1222 1920 quod
1240 1879 1326 1910 nolle
1342 1879 1389 1910 uti

323 1925 480 1961 alimento
502 1925 612 1957 habito
635 1930 682 1956 est
710 1924 854 1955 occidere
876 1923 1035 1964 seipsum,
1065 1933 1131 1954 non
1154 1923 1261 1954 minus
1290 1933 1389 1964 quam

327 1969 469 2010 seipsum
490 1969 597 2010 gladio
623 1968 881 2000 transverberare.
911 1967 1004 1999 Unde
1031 1967 1202 1998 dicendum
1224 1973 1271 1998 est
1301 1968 1389 2008 quod

327 2020 453 2046 tenetur
475 2013 651 2049 comedere,
675 2019 711 2044 ut
732 2012 783 2043 ius
806 2018 936 2043 naturae
954 2018 1065 2044 servet.

383 2057 450 2089 Nec
464 2056 527 2088 hoc
543 2062 590 2088 est
603 2055 757 2097 impedire
773 2055 992 2086 executionem
1007 2055 1189 2086 sententiae.
1211 2055 1300 2086 Tum
1316 2055 1391 2096 quia

329 2110 395 2133 non
419 2108 466 2132 est
488 2100 656 2132 damnatus
679 2100 719 2131 ad
741 2099 962 2136 hoc,sci1icet
984 2106 1021 2130 ut
1043 2109 1076 2130 se
1100 2099 1224 2130 occidat
1246 2109 1313 2129 non
1337 2109 1390 2130 co-

329 2145 507 2176 medendo:
531 2145 586 2176 sed
608 2145 649 2175 ad
670 2145 733 2176 hoc
754 2152 791 2176 ut
813 2145 971 2175 subtracta
987 2143 1049 2174 sint
1071 2143 1130 2174 sibi
1149 2143 1307 2180 alimenta,
1325 2153 1391 2173 non

329 2199 355 2220 a·
369 2189 636 2230 quibuscumque,
661 2189 716 2220 sed
738 2188 925 2219 custodibus
947 2195 978 2219 et
1000 2187 1199 2219 huiusmodi.
1222 2187 1316 2218 Unde
1339 2187 1391 2218 alii

1457 269 1752 307 ARTICULUS
1782 269 1833 305 lV
2426 278 2438 302 1
2453 267 2494 303 15

1440 347 1650 378 ministrantes
1679 347 1734 378 tali
1761 346 1911 377 damnato
1938 345 2086 376 alimenta
2113 355 2178 375 non
2209 351 2354 385 peccant:
2389 345 2498 375 eadem

1439 392 1559 422 ratione
1579 401 1642 431 qua
1658 397 1793 431 possunt
1808 390 1956 420 adiuvare
1972 390 2012 419 ad
2029 389 2138 429 fugam
2151 388 2177 419 *.
2203 389 2238 418 In
2254 388 2344 419 cuius
2361 388 2497 428 signum,

1438 435 1637 466 laudabiliter
1659 445 1677 465 a
1699 434 1839 466 Maximo
1862 433 2000 469 Valerio,
2023 433 2056 463 in
2075 433 2130 463 lib.
2146 432 2213 469 V*‚
2230 439 2499 463 commemoratur

1439 479 1525 510 Rues
1548 478 1767 514 Atheniensis,
1791 487 1874 519 quae
1898 477 2035 510 Cimona
2058 484 2181 517 patrem
2204 486 2300 507 suum
2323 476 2403 506 lacte
2427 486 2499 516 pro-

1412 529 1414 542 ¹
1439 523 1509 562 prio
1540 521 1626 562 pavit
1653 532 1693 552 ne
1715 521 1838 552 inediae
1864 528 2041 552 moreretur
2069 530 2182 560 poena.
2215 520 2370 558 Quamvis
2393 520 2499 550 nullus

1439 572 1582 598 teneatur
1605 566 1659 596 tali
1682 566 1833 596 damnato
1857 565 2032 595 ministrare
2048 564 2197 595 alimenta
2226 571 2379 604 tanquam
2400 563 2432 593 in
2449 574 2498 594 ex-

1412 611 1414 645 i
1438 617 1538 641 trema
1561 609 1743 639 necessitate
1768 609 1956 639 constituto:
1990 608 2064 649 quia
2090 608 2267 639 secundum
2289 608 2426 638 iustitiae
2449 617 2499 638 or-

1439 653 1547 683 dinem
1570 652 1603 682 in
1625 653 1679 682 illa
1703 653 1903 683 constituitur
1926 653 2122 689 necessitate,
2139 659 2197 683 etc.
2220 670 2242 675 -
2265 652 2353 682 Tum
2376 651 2450 692 quia
2474 652 2499 682 si

1438 697 1478 727 ad
1501 706 1534 726 se
1555 696 1766 726 occidendum
1789 703 1869 727 esset
1892 697 2069 732 damnatus,
2087 696 2240 727 sententia
2257 702 2366 726 contra
2380 695 2429 726 ius
2446 706 2499 726 na-

1438 740 1538 771 turale
1561 739 1670 780 iniqua
1694 747 1783 776 esset,
1809 746 1839 770 et
1862 750 1928 770 non
1952 741 2115 771 servanda.

1494 784 1561 814 VII.
1586 783 1637 813 Ad
1660 793 1777 814 nonam
1801 783 2022 824 quaestionem
2045 794 2082 814 ex
2100 783 2190 814 dictis
2205 781 2221 798 *
2244 790 2331 823 patet
2353 783 2431 824 quid
2455 783 2499 813 di-

1440 827 1577 858 cendum
1606 833 1662 857 est.
1697 828 1748 857 Ad
1778 827 1991 857 obiectionem
2021 834 2128 858 autem
2160 837 2197 858 ex
2223 827 2324 858 verbis
2352 827 2500 858 Auctoris

1438 871 1583 910 superius
1612 870 1725 901 habitis
1748 872 1964 910 respondetur'
1984 871 2160 911 dupliciter.
2191 871 2317 907 Primo,
2341 872 2430 911 quod
2453 881 2499 902 se-

1439 914 1581 945 cundum
1596 914 1763 944 litteralem
1779 914 2048 945 constructionem
2063 915 2117 945 illa
2129 915 2271 955 exceptio
2287 924 2354 945 non
2369 915 2500 946 refertur

1439 958 1478 988 ad
1502 965 1640 988 mortem
1663 967 1700 988 ex
1723 957 1807 988 fame
1831 964 1885 988 aut
1908 958 1975 994 siti,
2000 959 2054 988 sed
2078 959 2118 988 ad
2135 960 2208 999 pati
2235 959 2365 999 aliquod
2389 959 2499 990 huius-

1440 1001 1526 1032 modi
1552 1002 1762 1042 dispendium.
1796 1001 1903 1042 Inquit
1930 1001 2032 1032 enim:
2064 1002 2153 1033 Sicut
2179 1002 2426 1033 subveniendum
2455 1004 2500 1033 eis

1440 1050 1521 1076 esset
1543 1055 1583 1075 ne
1596 1045 1693 1085 fame
1708 1050 1766 1076 aut
1780 1046 1833 1075 siti
1848 1051 2070 1082 morerentur;
2092 1051 2149 1076 aut
2171 1046 2302 1086 aliquod
2318 1047 2500 1077 huiusmodi

1439 1089 1650 1129 dispendium,
1676 1090 1739 1119 nisi
1760 1089 1934 1119 secundum
1958 1089 2102 1119 ordinem
2127 1090 2277 1127 iustitiae,
2296 1095 2499 1129 paterentur.

1439 1133 1502 1164 Ubi
1525 1139 1611 1173 patet
1633 1133 1723 1173 quod
1746 1132 1887 1172 exceptio
1911 1132 1978 1169 illa,
2003 1134 2065 1163 nisi
2087 1133 2261 1164 secundum
2285 1134 2428 1164 ordinem
2453 1135 2500 1164 iu-

1438 1177 1554 1214 stitiae,
1579 1186 1645 1207 non
1669 1176 1862 1207 construitur
1885 1186 1959 1207 cum
1982 1176 2037 1206 illo
2060 1177 2176 1215 verbo,
2199 1182 2421 1215 morerentur,
2447 1178 2501 1208 sed

1440 1231 1515 1252 cum
1537 1220 1594 1251 illo
1616 1221 1723 1257 verbo,
1741 1225 1944 1261 paterentur.

1494 1264 1641 1296 Secundo
1665 1263 1788 1300 dicitur,
1813 1271 1843 1295 et
1865 1264 1994 1300 melius,
2019 1264 2223 1295 concedendo
2247 1265 2335 1305 quod
2360 1265 2501 1305 exceptio

1439 1310 1479 1339 ad
1502 1315 1608 1340 totum
1631 1308 1778 1339 refertur:
1808 1308 1883 1349 quia
1907 1309 1946 1338 de
1969 1308 2079 1338 similis
2103 1307 2259 1348 dispendii
2282 1308 2430 1348 passione
2453 1308 2501 1339 lit-

1439 1359 1504 1384 tera
1527 1362 1671 1393 expresse
1692 1352 1837 1393 loquitur
1860 1352 2055 1392 excipiendo,
2079 1352 2159 1382 dum
2183 1352 2268 1390 dicit,
2292 1358 2351 1383 aut
2372 1353 2502 1393 aliquod

1438 1396 1620 1428 huiusmodi
1645 1396 1867 1436 dispendium,
1892 1397 1954 1427 nisi
1975 1396 2150 1427 secundum
2174 1396 2318 1427 ordinem
2342 1397 2502 1435 iustitiae,

1413 1441 1414 1468 ἒ
1434 1446 1646 1482 paterentur;
1662 1440 1717 1470 ubi
1732 1446 1819 1480 patet
1830 1440 1919 1481 quod
1934 1440 2048 1480 excipit
2060 1440 2206 1471 ordinem
2220 1440 2357 1471 iustitiae
2373 1440 2502 1482 quando

1439 1485 1558 1525 patitur
1580 1484 1652 1525 quis
1675 1484 1879 1524 dispendium
1895 1483 1997 1514 simile
2012 1484 2108 1515 morti
2131 1494 2168 1515 ex
2190 1483 2274 1514 fame
2289 1483 2340 1515 vel
2363 1483 2423 1515 siti.
2447 1484 2502 1515 Di-

1440 1528 1578 1559 cendum
1606 1532 1681 1568 e'rgo
1713 1534 1759 1558 est
1786 1528 1875 1568 quod
1902 1528 1977 1568 quia
2008 1534 2074 1558 tota
2099 1528 2154 1558 illa
2177 1528 2326 1559 Auctoris
2349 1528 2503 1559 sententia

1439 1571 1592 1602 fundatur
1613 1581 1709 1611 super
1724 1571 1856 1602 articulo
1873 1581 1928 1601 seu
1946 1581 2019 1602 casu
2034 1571 2226 1602 necessitatis
2249 1572 2282 1602 in
2305 1582 2372 1612 quo
2395 1572 2502 1603 hostes

1439 1615 1630 1655 reipublicae
1652 1615 1703 1645 vel
1732 1615 1996 1645 excommunicati
2026 1615 2189 1646 constituti
2213 1622 2331 1651 essent,
2356 1622 2392 1646 ut
2418 1623 2504 1655 patet

1440 1670 1478 1690 ex
1501 1669 1540 1690 eo
1563 1659 1653 1700 quod
1675 1658 1719 1689 ita
1741 1658 1862 1698 incipit,
1885 1659 1921 1689 Si
1943 1664 2048 1689 tamen
2067 1660 2246 1690 immineret
2261 1660 2442 1697 necessitas,
2463 1670 2504 1690 ne

1441 1708 1560 1734 natura
1576 1703 1735 1744 deficeret,
1753 1708 1834 1733 esset
1849 1703 1894 1733 eis
1911 1703 2160 1733 subveniendum
2177 1709 2248 1739 etc.;
2272 1703 2346 1733 ideo
2361 1703 2502 1743 exceptio

1439 1747 1645 1787 intelligenda
1668 1754 1714 1777 est
1737 1747 1826 1787 quod
1852 1745 1907 1777 fiat
1930 1757 1948 1776 a
1969 1746 2072 1777 debito
2095 1746 2318 1783 subveniendi,
2343 1754 2374 1777 et
2396 1757 2463 1776 non
2487 1757 2503 1777 a

1434 1796 1594 1832 potestate
1620 1790 1828 1821 subveniendi
1854 1790 2011 1821 damnatis
2041 1790 2081 1820 ad
2110 1791 2296 1831 patiendum
2326 1791 2503 1821 secundum

1440 1834 1577 1866 iustitiae
1597 1834 1742 1865 ordinem
1765 1834 1950 1865 huiusmodi
1967 1834 2141 1875 dispendia.
2166 1835 2211 1865 Ita
2226 1834 2316 1875 quod
2331 1844 2442 1864 sensus
2458 1842 2505 1865 est

1442 1879 1531 1920 quod
1552 1879 1626 1909 licet
1646 1878 1813 1909 necessitas
1835 1877 2006 1909 deficientis
2022 1885 2151 1909 naturae
2166 1878 2335 1908 imminens
2357 1878 2390 1908 in
2413 1879 2504 1909 hoste

1441 1923 1632 1963 reipublicae
1655 1929 1710 1953 aut
1733 1922 2009 1953 excommunicato
2033 1923 2152 1963 obliget
2170 1932 2230 1953 nos
2253 1923 2293 1952 ad
2315 1922 2503 1953 subvenien-

1442 1967 1521 1998 dum
1543 1967 1605 1997 illis
1628 1976 1668 1997 ne
1683 1966 1766 1997 fame
1782 1973 1838 1997 aut
1855 1966 1906 1997 siti
1921 1966 2098 1997 moriantur
2114 1973 2169 1997 aut
2183 1966 2286 1997 simile
2301 1966 2504 2006 dispendium

1441 2011 1614 2052 patiantur;
1638 2020 1704 2040 non
1722 2017 1868 2041 tenemur
1882 2017 1988 2041 tamen
2005 2011 2046 2041 ad
2060 2010 2246 2041 huiusmodi
2261 2010 2503 2041 subventionem

1442 2055 1468 2085 si
1492 2054 1669 2085 secundum
1691 2054 1826 2085 iustitiae
1850 2054 1995 2085 ordinem
2025 2054 2103 2085 haec
2133 2054 2301 2094 patiantur.
2333 2054 2418 2085 Cum
2441 2065 2504 2095 qua

1443 2098 1583 2129 doctrina
1607 2105 1692 2138 patet
1705 2105 1786 2129 stare
1809 2099 1898 2139 quod
1915 2098 1999 2129 licite
2015 2098 2176 2138 possimus
2191 2098 2347 2128 damnatis
2364 2099 2403 2128 ad
2419 2108 2503 2128 mor-

1441 2150 1508 2174 tem
1531 2150 1561 2173 et
1587 2142 1773 2173 huiusmodi
1797 2142 1960 2182 dispendia
1991 2142 2177 2183 patiendum
2200 2142 2375 2173 ministrare
2398 2152 2503 2173 neces-

1442 2197 1523 2217 saria
1544 2194 1637 2218 v1tae.

2526 393 2535 403 ’
2551 392 2586 414 Cf.
2601 398 2664 413 num.
2681 398 2710 413 ιν.

2526 432 2535 442 ·
2546 431 2579 453 Ca
2597 446 2603 452 .
2612 431 2640 452 de
2650 431 2737 452 Pietat.

2526 458 2550 479 in
2589 459 2666 478 arent.
2675 464 2683 481 ‚·
2705 457 2736 478 ct.

2526 483 2638 532 ἒὲξιὶοιιοε
2646 483 2735 505 varian-

2527 784 2537 793 ·
2546 782 2617 804 Νιιιιι.
2632 781 2737 809 praeced.
