2860 4244
0 351 10 449 ,ἒ

0 450 9 506 ε

54 500 148 522 Ἰιιιιοο.
154 499 195 527 lv,
202 504 266 521 eom-

55 531 125 549 ment.
135 515 264 554 supe’rea.

54 552 204 617 ,vass-‘1
252 558 266 574 ε

56 605 164 627 ’.διανιηι
179 604 220 626 lib.
234 604 263 630 Π,

0 643 2 647 ·
53 633 88 655 tit.
164 630 194 653 de
206 630 264 652 Uau-

55 659 89 681 ru's
103 660 127 680 et
164 663 236 684 ἕπον.

32 1278 34 1282 Ι
55 1241 86 1292 :a
75 1241 124 1290 αξ.
130 1245 265 1270 m1,art.4‚

18 2284 21 2285 7
40 2239 119 2290 stu
130 2259 152 2277 a.
199 2289 207 2295 .

53 3181 273 3256 -‘2‘0÷.*-..‘.......

931 325 1198 372 QUAESTIO
1229 325 1440 373 LXXVIII,
1470 325 1766 362 ARTICULUS
1796 325 1828 360 11

291 414 321 438 et
342 406 538 443 huiusmodi,
562 406 598 442 si,
617 412 651 437 ut
670 412 829 436 succurrat
847 405 887 436 ad
905 411 1032 444 tempus
1051 404 1208 444 proximo,
1225 411 1350 435 mutuat

290 451 387 487 illam,
411 450 565 481 deducere
588 450 621 480 in
645 456 774 490 pactum
795 449 921 480 lucrum
936 458 1060 479 cessans
1083 457 1120 478 ex
1136 448 1351 488 negotiatione

290 494 341 525 vel
363 494 526 525 fructibus.
555 494 644 525 Sicut
665 493 789 524 licitum
811 500 871 529 est,
895 492 1073 523 secundum
1097 492 1319 523 Innocentium
1333 492 1351 512 *
1376 491 1378 515 'l

291 545 323 569 et
344 539 575 579 Raymundum
588 537 622 574 *,
645 537 766 568 volenti
794 537 912 567 deferre
934 546 1053 566 merces
1076 546 1148 566 suas
1171 537 1351 566 vendendas

291 582 374 619 alibi,
391 583 432 613 ad
446 581 628 613 instantiam
642 581 777 612 volentis
792 581 844 611 hic
859 590 972 616 emere,
988 580 1123 610 vendere
1138 587 1262 610 tantum
1278 581 1350 620 plus

291 633 450 667 quantum
472 625 655 657 aestimatur
676 625 803 656 lucrum
825 624 930 664 quod,
954 624 1096 655 deductis
1120 624 1273 665 expensis,
1296 624 1351 655 ha·
1377 626 1378 630 ’

291 670 411 702 buisset
431 669 517 700 alibi.
539 670 615 700 Non
638 675 686 699 est
706 668 802 708 igitur
824 668 968 699 absolute
985 677 1059 698 vera
1082 668 1163 698 dicta
1178 668 1295 707 regula.

347 714 388 745 Et
413 723 452 744 ne
479 713 512 743 in
539 712 778 753 particularibus
808 711 964 747 fallamur,
991 712 1032 742 ad
1063 711 1218 742 rationem
1245 721 1352 742 ascen-

292 758 408 794 dendo,
431 762 625 787 monstratur
646 756 736 796 quod
755 756 862 796 regula
877 756 937 786 ista
951 762 1106 796 repugnat
1128 755 1288 796 principiis
1306 765 1353 785 re-

292 801 510 836 stitutionum,
534 799 736 840 procedendo
760 800 814 830 sic.
846 800 974 830 Habens
997 799 1166 840 pecuniam
1188 800 1282 830 habet
1303 799 1352 829 lu-

292 854 382 876 crum
409 844 443 874 in
466 843 608 884 potentia
637 843 737 883 magis
765 850 795 874 et
818 843 925 874 minus
955 843 1136 884 propinqua
1158 843 1242 874 actui
1267 843 1354 873 iuxta

290 888 454 928 ingenim
473 887 616 918 habentis
635 887 858 927 negotiationis
883 894 1082 918 occurrentes
1099 887 1354 918 commoditates.

291 932 376 972 Ergo
398 938 550 962 mutuans
573 938 678 971 potest
700 932 854 962 deducere
876 931 909 962 in
933 938 1064 971 pactum
1087 931 1240 967 damnum
1264 931 1353 971 quod

290 975 421 1007 incurrit
443 985 480 1006 ex
498 975 561 1006 hoc
583 976 673 1016 quod
695 976 735 1006 de
757 975 892 1016 pecunia
910 985 968 1006 sua
991 985 1056 1006 non
1079 975 1230 1006 lucratur.
1281 1001 1283 1003 .

346 1020 545 1050 Antecedens
560 1020 714 1059 probatur
727 1019 953 1060 multipliciter.
969 1019 1058 1050 Tum
1069 1018 1144 1059 quia
1155 1017 1292 1058 pecunia
1307 1023 1355 1048 est

291 1063 540 1094 instrumentum
562 1063 602 1093 ad
624 1063 824 1099 lucrandum,
840 1063 970 1104 quando
994 1062 1093 1093 utitur
1115 1071 1152 1092 ea
1181 1061 1354 1091 industrius

291 1107 470 1148 negotiator
491 1107 543 1138 vel
565 1114 692 1147 emptor
718 1107 762 1138 rei
793 1107 984 1138 fructuosae.
1008 1123 1029 1129 —
1052 1106 1141 1136 Tum
1168 1105 1245 1146 quia
1266 1104 1354 1135 aliter

291 1161 358 1182 non
374 1158 534 1192 oporteret
558 1151 732 1182 debitorem
755 1157 829 1191 post
843 1160 978 1185 moram,
993 1150 1043 1180 vel
1062 1149 1137 1179 alias
1156 1149 1354 1180 detentorem

292 1195 446 1236 pecuniae
464 1195 594 1231 alienae,
610 1195 771 1225 restituere
789 1194 911 1234 aliquid
929 1193 1002 1234 plus
1021 1203 1119 1234 quam
1138 1193 1178 1224 sit
1196 1192 1354 1234 quantitas

293 1239 429 1271 detenta.
453 1239 556 1270 Cuius
579 1239 766 1278 oppositum
789 1244 922 1273 tenetur,
939 1244 970 1268 et
992 1237 1138 1278 superius
1153 1236 1171 1254 ⁴*
1195 1244 1242 1268 est
1264 1237 1353 1268 habi-

292 1290 373 1320 tum,
393 1293 468 1314 curn
490 1283 529 1312 de
543 1282 740 1313 restitutione
762 1288 953 1312 tractaretur.
979 1281 1054 1312 Ideo
1071 1281 1158 1311 enim
1177 1281 1355 1312 secundum

293 1326 430 1358 formam
453 1325 699 1357 commutativae
717 1325 853 1356 iustitiae
876 1325 1007 1356 debetur
1029 1325 1150 1366 aliquid
1172 1325 1255 1366 plus,
1279 1325 1355 1366 quia

292 1370 326 1402 in
346 1370 456 1411 aliquo
480 1370 552 1410 plus
575 1379 673 1410 quarn
696 1369 736 1401 sit
759 1369 918 1410 quantitas
941 1370 1076 1406 detenta,
1100 1376 1147 1400 est
1169 1370 1273 1400 laesus
1289 1379 1354 1400 cre-

291 1413 390 1446 ditor:
415 1413 641 1455 alioquinnon
663 1421 839 1445 servaretur
861 1413 1031 1455 aequalitas
1055 1413 1100 1444 rei
1118 1413 1159 1444 ad
1177 1423 1254 1444 rem.
1274 1431 1295 1437 —
1314 1414 1356 1444 Et

254 1470 268 1473 f*
283 1453 507 1489 confirmatur.
524 1458 654 1488 Habens
669 1458 839 1498 pecuniam
854 1465 909 1489 aut
924 1458 1019 1488 habet
1033 1458 1152 1498 aliquid
1168 1458 1240 1498 plus
1255 1467 1355 1498 quam

292 1502 333 1534 sit
354 1502 514 1543 quantitas
535 1501 699 1552 pecuniae,
723 1509 778 1533 aut
801 1512 878 1532 non.
903 1502 935 1533 Si
959 1501 1054 1533 habet
1071 1501 1191 1542 aliquid
1210 1502 1293 1542 plus,
1309 1511 1356 1532 se-

292 1546 401 1588 quitur
415 1547 505 1587 quod
527 1546 628 1586 possit
641 1547 776 1577 vendere
799 1553 830 1577 et
851 1546 885 1576 in
903 1552 1034 1586 pactum
1053 1546 1217 1576 deducere.
1241 1546 1274 1576 Si
1289 1555 1355 1576 non

291 1590 402 1627 habet,
426 1590 570 1632 sequitur
595 1591 684 1631 quod
707 1597 781 1630 post
803 1599 928 1620 moram
951 1599 1018 1620 non
1041 1590 1192 1620 debeatur
1213 1590 1242 1620 ei
1266 1589 1355 1630 plus:

292 1635 448 1676 quoniam
477 1644 544 1665 non
572 1634 664 1665 debet
686 1634 808 1665 restitui
834 1633 895 1664 nisi
917 1633 1074 1669 ablatum;
1106 1634 1161 1664 sed
1183 1633 1355 1664 detinendo

293 1688 360 1710 non
382 1678 524 1710 aufertur
545 1678 619 1718 plus
641 1688 740 1719 quam
763 1677 908 1718 pecunia,
932 1677 1008 1718 quia
1031 1677 1109 1707 nihil
1132 1677 1205 1718 plus
1221 1677 1264 1708 ibi
1281 1687 1356 1708 con-

292 1722 426 1760 tinetur,
449 1722 627 1754 secundum
651 1723 745 1753 istam
766 1722 1017 1762 responsionem.
1054 1722 1126 1752 Hoc
1149 1728 1256 1752 autem
1281 1731 1357 1752 con-

292 1773 353 1798 stat
368 1776 435 1798 esse
450 1767 577 1802 falsum,
593 1766 711 1801 scilicet
728 1766 818 1807 quod
836 1776 903 1796 non
923 1766 1033 1796 debeat
1055 1766 1128 1806 plus
1143 1766 1264 1796 restitui
1283 1773 1357 1806 post

292 1820 429 1843 moram.
451 1811 548 1851 Ergo.
563 1827 585 1834 —
600 1810 633 1841 si
649 1810 772 1841 dicatur
789 1811 879 1851 quod
898 1816 1025 1851 oportet
1043 1817 1117 1850 post
1136 1820 1260 1840 moram
1283 1811 1357 1850 plus

292 1855 421 1886 reddere
444 1855 520 1895 quia
538 1854 710 1895 impeditus
727 1861 774 1885 est
796 1854 947 1885 dominus
970 1855 1008 1884 ab
1023 1864 1084 1884 usu
1100 1854 1144 1884 rei
1161 1864 1246 1890 suae,
1271 1861 1358 1895 patet

292 1898 475 1940 responsio:
505 1899 596 1939 quod
617 1899 651 1929 in
674 1898 811 1938 pecunia
833 1899 917 1929 idern
941 1905 988 1929 est
1010 1898 1163 1939 impedire
1187 1898 1357 1929 dominum

292 1953 312 1974 a
328 1953 363 1974 re
377 1949 409 1974 et
422 1943 461 1974 ab
476 1953 538 1974 usu
554 1943 612 1979 rei;
635 1943 722 1973 unde
738 1942 815 1973 nihil
830 1943 903 1983 plus
926 1948 1056 1983 propter
1071 1952 1166 1973 usum
1182 1943 1323 1974 debetur.
1335 1961 1356 1966 -

293 1987 327 2019 si
350 1987 472 2018 dicatur
500 1988 590 2028 quod
612 1987 689 2027 quia
710 1987 811 2018 invito
835 1986 969 2018 domino
998 1986 1170 2023 detinetur,
1195 1993 1281 2027 patet
1310 1997 1356 2018 re-

293 2031 440 2072 sponsio:
468 2031 559 2072 quod
580 2031 643 2061 hoc
670 2041 736 2062 non
767 2037 814 2062 est
835 2031 957 2062 ratione
979 2031 1127 2062 interesse
1157 2041 1213 2061 seu
1236 2031 1357 2062 ratione

293 2075 348 2111 rei,
372 2075 428 2106 sed
450 2074 572 2106 ratione
595 2075 730 2106 iniuriae
751 2085 834 2116 quae
856 2074 891 2106 fit
914 2085 952 2105 ex
974 2075 1036 2106 hoc
1060 2075 1149 2116 quod
1168 2075 1268 2106 invito
1284 2075 1356 2116 ipso

293 2129 390 2151 suum
413 2119 588 2155 detinetur;
619 2119 764 2160 quaestio
787 2125 895 2150 autem
919 2125 1027 2150 nostra
1049 2129 1116 2150 non
1140 2126 1186 2150 est
1208 2119 1247 2150 de
1270 2119 1357 2150 satis-

294 2163 431 2195 factione
452 2163 649 2200 iniuriarum,
673 2164 728 2194 sed
752 2163 790 2194 de
814 2163 1001 2204 aequalitate
1017 2163 1060 2194 rei
1076 2164 1115 2194 ad
1130 2173 1197 2194 rem
1220 2163 1253 2194 in
1271 2173 1357 2194 com-

293 2207 538 2244 mutationibus;
562 2208 683 2238 ratione
704 2207 794 2239 cuius
808 2210 931 2238 Auctor
952 2207 985 2237 in
1001 2217 1075 2238 casu
1092 2207 1259 2248 proposito
1284 2208 1360 2239 dicit

294 2251 450 2292 superius,
468 2252 503 2282 in
517 2258 574 2282 art.
589 2261 612 2291 4
630 2261 684 2292 qu.
698 2252 801 2282 an*:
826 2252 887 2282 Ille
906 2253 962 2292 qui
982 2252 1074 2282 habet
1086 2253 1258 2292 pecuniam
1280 2262 1358 2283 non-

293 2296 370 2328 dum
393 2295 486 2327 habet
509 2296 636 2326 lucrum
659 2297 692 2326 in
716 2301 802 2333 actu,
826 2296 883 2327 sed
904 2296 1008 2327 solum
1032 2297 1065 2326 in
1089 2297 1216 2327 virtute.

351 2339 589 2380 Consequentia
611 2346 720 2370 autem
749 2340 902 2380 probatur
925 2339 1100 2380 dupliciter.
1133 2340 1259 2376 Primo,
1283 2340 1359 2381 quia

294 2384 413 2415 habens
437 2384 503 2414 duo
527 2390 558 2414 et
581 2383 708 2424 privans
726 2393 760 2414 se
775 2383 836 2414 illis
859 2390 988 2424 propter
1003 2384 1229 2421 mutuandum,
1254 2391 1359 2424 potest

294 2429 464 2459 amborum
487 2427 721 2459 restitutionem
750 2428 784 2458 in
812 2434 942 2468 pactum
965 2428 1128 2459 deducere.
1161 2428 1223 2459 Sed
1246 2428 1289 2459 sic
1312 2435 1359 2459 est

295 2472 385 2514 quod
406 2472 440 2502 in
463 2482 538 2503 casu
561 2472 668 2512 posito
691 2471 749 2502 iste
771 2478 922 2503 mutuans
945 2471 1039 2503 habet
1061 2472 1142 2508 duo,
1166 2472 1284 2503 scilicet
1305 2482 1358 2513 pe-

295 2516 423 2548 cuniam
447 2523 478 2547 et
504 2516 682 2556 potentiam
703 2516 783 2546 lucri
807 2526 863 2546 seu
887 2516 1025 2547 fructus:
1059 2522 1090 2546 et
1116 2516 1191 2557 quia
1214 2523 1357 2553 mutuat,

295 2561 398 2602 privat
419 2570 453 2591 se
475 2567 624 2600 utroque,
643 2560 760 2591 scilicet
775 2560 910 2600 pecunia
933 2566 964 2591 et
987 2559 1134 2591 facultate
1157 2561 1247 2591 lucri.
1272 2561 1358 2600 Ergo

295 2611 402 2646 potest
423 2604 589 2645 utriusque
607 2604 839 2635 restitutionem
862 2604 895 2634 in
919 2610 1049 2644 pactum
1072 2604 1236 2635 deducere.
1260 2622 1282 2627 —
1306 2605 1359 2635 Se-

296 2649 420 2685 cundo,
443 2648 525 2679 sicut
554 2648 588 2678 in
610 2648 793 2679 venditione
821 2648 944 2679 licitum
967 2655 1014 2679 est
1036 2649 1172 2679 vendere
1195 2658 1262 2679 rem
1285 2649 1358 2689 plus

296 2702 395 2734 quam
417 2693 501 2723 valet
522 2692 676 2728 absolute,
701 2692 727 2722 si
750 2692 822 2733 plus
845 2692 928 2723 valet
945 2692 1115 2729 venditori;
1138 2693 1181 2723 ita
1195 2692 1229 2722 in
1243 2699 1359 2723 mutuo

296 2736 369 2768 licet
390 2736 561 2777 pecuniam
583 2736 748 2767 aestimare
770 2737 844 2777 plus
860 2746 959 2777 quam
973 2736 1057 2767 valet
1071 2737 1225 2773 absolute,
1242 2737 1267 2767 si
1287 2737 1359 2777 plus

296 2780 381 2811 valet
393 2780 568 2811 mutuanti:
585 2790 642 2820 par
655 2790 795 2821 namque
807 2780 978 2821 utrobique
991 2787 1038 2811 est
1053 2780 1143 2812 ratio.
1160 2781 1221 2812 Sed
1237 2787 1360 2812 constat

297 2824 388 2866 quod
409 2823 566 2854 industrio
581 2824 770 2864 negotiatori
792 2824 843 2855 vel
865 2824 1001 2864 emptori
1017 2824 1082 2865 agri
1105 2825 1178 2865 plus
1199 2824 1282 2855 valet
1304 2835 1359 2865 pe-

299 2867 392 2899 cunia
406 2877 505 2908 quam
517 2867 620 2898 valeat
642 2868 802 2899 absolute:
826 2869 981 2909 quoniam
997 2868 1040 2898 sic
1058 2868 1109 2899 isti
1133 2878 1165 2899 se
1181 2868 1298 2899 habent
1320 2869 1360 2899 ad

298 2911 448 2953 ‘pecunias
467 2911 549 2942 sicut
563 2911 616 2942 alii
632 2911 763 2942 artifices
783 2912 823 2942 ad
844 2912 1054 2942 instrumenta
1068 2921 1144 2942 suae
1167 2912 1250 2943 artis.
1274 2913 1359 2952 Ergo

298 2956 347 2987 isti
364 2962 500 2996 possunt
514 2955 694 2985 mutuando
710 2955 864 2986 deducere
874 2956 907 2986 in
919 2962 1049 2996 pactum
1063 2955 1152 2996 quod
1167 2956 1239 2995 plus
1250 2956 1359 2987 velint.

354 3000 395 3030 Et
418 3009 475 3040 per
496 2999 559 3030 hoc
586 2998 720 3029 solvitur
741 2999 821 3030 ratio
843 3000 969 3040 regulae
1000 2999 1155 3039 assignata
1181 2999 1214 3029 in
1241 2999 1360 3036 littera,

300 3044 418 3075 scilicet
448 3044 538 3084 quod
560 3053 624 3073 non
643 3048 779 3083 possunt
799 3043 936 3074 vendere
962 3043 1046 3084 quod
1074 3043 1215 3074 nondum
1245 3043 1361 3074 habent

300 3093 330 3119 et
339 3092 446 3128 potest
459 3087 678 3128 multipliciter
692 3086 847 3127 impediri.
864 3086 1004 3118 Solvitur
1019 3086 1104 3117 enim
1120 3087 1255 3118 dicendo
1271 3088 1360 3128 quod

300 3142 366 3163 non
389 3138 525 3172 possunt
546 3131 681 3164 vendere
704 3137 858 3172 tanquam
880 3131 1025 3162 habitum
1046 3131 1079 3161 in
1103 3138 1191 3167 actu,
1215 3131 1270 3162 sed
1292 3138 1361 3162 tan-

300 3185 397 3217 quam
421 3175 566 3206 habitum
588 3174 621 3205 in
644 3175 796 3215 potentia.
821 3175 919 3213 Quod
938 3184 1005 3205 non
1027 3184 1093 3205 esse
1113 3175 1190 3205 nihil
1213 3181 1302 3215 patet
1325 3186 1361 3206 ex

300 3219 391 3251 dictis
413 3220 446 3250 in
461 3219 590 3250 materia
605 3219 843 3250 restitutionum
857 3218 892 3249 *t
917 3219 1033 3250 scilicet
1055 3219 1144 3260 quod
1160 3218 1216 3260 qui
1239 3219 1362 3250 damni-

299 3263 403 3295 ficavit
426 3264 595 3294 habentem
613 3263 734 3304 aliquid
756 3263 790 3293 in
812 3263 964 3303 potentia,
981 3273 1047 3294 non
1065 3270 1190 3294 tenetur
1213 3264 1252 3293 ad
1275 3264 1361 3294 resti-

300 3308 458 3339 tutionem
482 3318 518 3338 ac
533 3307 560 3337 si
581 3307 616 3337 in
631 3314 702 3338 actu
717 3307 888 3344 habuisset,
911 3307 967 3338 sed
981 3307 1022 3338 ad
1035 3307 1266 3338 restituendum
1282 3308 1363 3339 sicut

300 3352 445 3383 habitum
467 3352 500 3382 in
523 3351 679 3391 potentia,
702 3351 842 3391 pensatis
865 3351 1112 3391 conditionibus,
1129 3358 1189 3383 etc.
1213 3352 1306 3383 Unde
1328 3352 1361 3382 in

300 3396 467 3437 proposito
491 3395 605 3426 dicitur
627 3395 717 3436 quod
738 3395 862 3426 licitum
883 3402 931 3426 est
952 3395 1092 3436 accipere
1115 3402 1240 3427 tantum
1262 3406 1362 3437 quan-

300 3448 388 3477 tum,
412 3440 438 3470 si
460 3439 632 3479 impeditus
663 3438 772 3469 fuisset
801 3449 820 3469 a
846 3439 1038 3479 negotiando
1066 3439 1117 3470 vel
1139 3440 1286 3476 emendo,
1302 3440 1362 3470 im-

302 3483 426 3524 peditor
448 3483 638 3514 iudicaretur
669 3482 839 3514 restituere.
875 3483 918 3514 Et
948 3483 993 3514 sic
1021 3483 1164 3525 sequitur
1194 3483 1284 3525 qu'od
1311 3484 1362 3514 lu-

302 3537 392 3559 crum
415 3537 538 3559 cessans
561 3533 666 3567 potest
688 3526 801 3557 deduci
824 3527 856 3557 in
880 3533 1011 3567 pactum
1038 3538 1055 3558 a
1078 3527 1235 3567 principio
1258 3528 1362 3559 mutui

302 3572 534 3612 anegotiatore
558 3578 589 3602 et
611 3578 765 3611 emptore.
785 3588 805 3593 —
824 3571 865 3601 Et
884 3570 1096 3602 confirmatur.
1121 3572 1206 3609 Quia
1220 3572 1280 3603 hoc
1295 3582 1362 3602 non

303 3622 349 3646 est
371 3615 510 3656 accipere
541 3616 622 3646 ultra
650 3622 769 3646 sortem
798 3614 918 3645 ratione
941 3623 1018 3645 usus
1047 3615 1214 3655 pecuniae:
1239 3616 1293 3646 sed
1316 3623 1363 3647 est

303 3659 442 3700 accipere
457 3659 578 3690 ratione
594 3669 732 3690 annexae
751 3658 910 3699 potentiae
925 3658 1014 3694 lucri,
1031 3668 1094 3699 qua
1110 3669 1142 3689 se
1161 3659 1271 3699 privat,
1288 3669 1362 3700 pro-

437 3720 554 3744 Smnua
572 3720 673 3744 Tarson.
693 3720 724 3744 D.
742 3720 857 3744 ΤιιοΜΑΕ
871 3719 903 3744 Τ.
918 3719 958 3743 Vl.

2394 326 2459 362 161

1404 412 1473 445 pter
1502 414 1599 445 quarn
1623 404 1800 444 potentiam
1829 403 1963 443 pecunia
1986 403 2059 443 plus
2088 403 2165 433 mihi
2189 404 2271 434 valet
2294 414 2391 445 quam
2415 406 2467 435 ab·

1405 449 1518 479 solute.
1542 449 1584 479 Et
1606 455 1773 498 propterea
1796 457 1862 478 non
1886 454 1932 478 est
1954 454 2121 488 peccatum
2144 456 2271 478 usurae:
2297 449 2351 479 sed
2374 449 2469 479 ratio-

1405 502 1479 524 nem
1501 493 1615 523 habere
1638 492 1682 522 rei
1705 501 1781 522 suae
1803 499 1840 522 ut
1863 498 1923 522 stat
1946 492 2005 522 sub
2029 501 2086 522 sua
2108 491 2271 522 industria.

1460 537 1501 566 Et
1517 546 1553 566 ex
1575 536 1624 566 his
1647 543 1732 576 patet
1748 536 1890 575 regulam
1910 535 2000 572 hanc,
2018 545 2092 566 curn
2116 545 2173 566 sua
2195 535 2327 574 ratione,
2345 543 2468 567 contra-

1406 580 1507 610 dicere
1530 580 1661 610 Auctori
1684 580 1717 610 in
1740 579 1885 619 superius
1908 579 1999 610 dictis
2022 586 2052 610 et
2074 580 2224 620 allegatis.

1461 623 1513 654 1V.
1540 624 1589 653 Ad
1611 623 1803 654 evidentiam
1821 623 1917 654 huius
1939 623 2167 664 ambiguitatis,
2192 633 2288 664 super
2310 634 2373 664 qua
2397 624 2468 654 fun-

1406 667 1554 697 damenta
1583 667 1731 698 interesse
1754 667 1819 698 veri
1841 668 1891 698 vel
1919 667 2038 707 palliati
2067 674 2280 707 consurgunt,
2304 668 2468 698 sciendum

1407 717 1454 741 est
1482 711 1572 751 quod
1599 717 1666 742 tota
1694 710 1859 742 difficultas
1884 711 2027 742 consistit
2049 711 2082 742 in
2105 712 2153 742 his
2177 712 2302 742 duobus
2324 712 2467 752 punctis:

1407 757 1457 784 An
1480 754 1599 784 habens
1617 755 1796 794 pecuniam,
1813 762 1891 795 puta
1909 755 1995 785 mille
2011 756 2152 792 ducatos,
2169 762 2298 796 propter
2313 766 2468 787 annexam

1407 798 1583 838 potentiam
1607 798 1684 828 lucri
1707 798 1820 829 habeat
1842 799 1916 838 plus
1939 809 2037 840 quam
2060 800 2099 831 sit
2122 800 2280 840 quantitas
2303 801 2467 840 pecuniae,

1407 848 1485 881 puta
1507 841 1595 872 mille
1618 840 1741 872 ducati?
1763 842 1804 873 Et
1827 842 1852 872 si
1876 852 1943 873 non
1966 843 2059 874 habet
2081 844 2164 884 plus,
2184 853 2281 884 quare
2304 851 2377 884 post
2399 854 2468 875 mo-

1407 895 1494 921 ram,
1518 892 1649 925 propter
1678 886 1917 926 adaequandam
1947 896 2015 917 rem
2044 888 2106 923 rei,
2131 894 2258 927 oportet
2287 888 2352 918 dari
2376 886 2468 928 plus?

1408 929 1440 959 Si
1462 936 1571 959 autem
1594 929 1689 960 habet
1711 930 1801 969 plus,
1826 940 1923 970 quare
1947 940 2013 960 non
2036 931 2109 962 licet
2137 931 2217 962 illud
2240 931 2312 971 plus
2334 933 2469 963 vendere

1407 983 1426 1003 a
1444 972 1612 1012 principio,
1629 979 1660 1003 et
1681 972 1753 1003 licet
1775 973 1855 1004 illud
1878 974 1951 1014 plus
1967 974 2088 1014 exigere
2103 982 2177 1015 post
2192 985 2317 1005 moram
2339 983 2469 1016 propter

1407 1017 1650 1057 adaequandam
1673 1026 1740 1046 rem
1763 1017 1817 1052 rei,
1842 1018 1924 1048 ultra
1947 1018 2193 1049 satisfactionem
2208 1018 2359 1050 iniuriae?
2382 1021 2469 1051 Haec

1408 1060 1494 1091 enim
1517 1070 1583 1091 non
1606 1060 1754 1091 videntur
1776 1060 1834 1090 sibi
1857 1061 1994 1091 invicem
2018 1071 2174 1092 consona:
2206 1063 2308 1093 immo
2335 1074 2401 1094 non
2425 1065 2470 1094 vi-

1408 1105 1522 1135 dentur
1544 1104 1761 1144 intelligibilia.
1780 1122 1801 1127 -
1820 1107 1863 1135 At
1879 1105 1904 1134 si
1919 1105 1991 1145 quis
2008 1105 2118 1136 dixerit
2133 1107 2222 1147 quod
2241 1107 2335 1138 habet
2350 1108 2470 1148 aliquid

1407 1148 1480 1188 plus
1504 1155 1535 1178 et
1557 1148 1646 1189 quod
1669 1148 1742 1179 licet
1763 1148 1844 1178 illud
1866 1149 2010 1185 vendere,
2035 1156 2145 1189 patens
2169 1157 2275 1190 aperta
2294 1158 2340 1181 est
2361 1152 2412 1182 via
2435 1159 2471 1183 ut

1407 1192 1440 1222 in
1464 1192 1608 1233 quolibet
1630 1199 1745 1223 mutuo
1770 1192 1922 1232 pecuniae
1946 1193 2046 1233 possit
2064 1193 2184 1234 aliquid
2201 1195 2282 1224 ultra
2299 1201 2416 1226 sortem
2434 1206 2471 1226 ex

1408 1243 1501 1277 pacto
1526 1236 1616 1276 exigi.
1639 1237 1738 1274 Quod
1761 1246 1874 1267 omnes
1897 1244 2023 1276 negant.

1463 1280 1594 1311 Initium
1612 1287 1720 1311 autem
1738 1280 1972 1321 investigandae
1988 1281 2125 1311 veritatis
2148 1288 2195 1312 est
2218 1283 2306 1322 quod
2329 1283 2471 1322 potentia

1408 1325 1447 1354 ad
1474 1325 1600 1355 lucrum
1624 1335 1661 1356 ex
1683 1325 1818 1365 pecunia
1841 1332 1888 1356 est
1917 1325 2043 1365 duplex.
2076 1325 2242 1362 Quaedam
2273 1336 2472 1367 consequens

1407 1369 1510 1409 ipsam
1533 1369 1703 1409 pecuniam
1718 1369 1873 1405 absolute,
1896 1379 1956 1409 pro
1972 1375 2093 1410 quanto
2116 1369 2186 1409 ipsa
2209 1370 2343 1410 pecunia
2367 1378 2473 1411 potest

1409 1422 1475 1443 esse
1497 1413 1745 1445 instrumentum
1767 1413 1808 1443 ad
1830 1413 2034 1450 lucrandum,
2059 1413 2123 1443 sive
2146 1423 2202 1453 per
2224 1413 2308 1444 viam
2331 1416 2471 1455 negotia-

1408 1457 1504 1488 tionis
1527 1457 1591 1488 sive
1614 1467 1671 1498 per
1692 1457 1777 1487 viam
1801 1457 1971 1497 emptionis
1995 1457 2069 1498 agri,
2094 1458 2242 1494 armenti,
2266 1459 2378 1499 gregis,
2395 1466 2471 1490 etc.:

1409 1508 1439 1532 et
1462 1501 1540 1532 haec
1559 1501 1700 1541 potentia
1715 1508 1847 1532 vocatur
1859 1503 2005 1541 potentia
2022 1503 2194 1542 pecuniae,
2210 1502 2285 1542 quia
2299 1502 2402 1543 ipsam
2419 1504 2472 1534 ab·

1409 1545 1512 1576 solute
1544 1545 1724 1576 comitatur.
1755 1546 1922 1582 Quaedam
1945 1555 2020 1576 vero
2050 1545 2193 1586 potentia
2217 1547 2256 1576 ad
2278 1547 2405 1577 lucrum
2435 1557 2472 1578 ex

1409 1589 1544 1629 pecunia
1574 1596 1620 1620 est
1650 1599 1846 1630 consequens
1877 1589 2045 1629 pecuniam
2075 1599 2142 1620 non
2173 1590 2334 1627 absolute,
2359 1592 2413 1622 sed
2437 1598 2473 1622 ut

1409 1634 1531 1664 substat
1559 1633 1614 1665 tali
1635 1633 1807 1663 industriae
1834 1633 2039 1674 negotiatoris
2061 1634 2111 1664 vel
2135 1635 2287 1674 emptoris
2314 1635 2368 1665 tali
2391 1643 2472 1666 tem-

1409 1687 1501 1717 pore,
1525 1677 1558 1707 in
1581 1677 1636 1708 tali
1658 1677 1746 1713 loco,
1769 1677 1802 1707 in
1826 1677 1880 1707 tali
1904 1677 2140 1714 commoditate,
2158 1685 2231 1708 etc.:
2265 1685 2295 1709 et
2318 1679 2394 1709 haec
2417 1690 2472 1709 vo-

1410 1728 1499 1752 catur
1515 1722 1660 1762 potentia
1679 1722 1838 1761 pecuniae
1854 1726 1889 1751 ut
1903 1722 2027 1752 substat
2042 1722 2229 1752 industriae.
2255 1723 2296 1753 Et
2317 1723 2472 1763 quoniam

1409 1765 1512 1806 prima
1534 1765 1678 1805 potentia
1701 1765 1884 1796 communis
1903 1772 1949 1796 est
1972 1766 2125 1806 pecuniae
2149 1776 2166 1796 a
2190 1776 2397 1807 quocumque
2419 1767 2473 1797 ha-

1410 1810 1530 1846 beatur,
1555 1809 1642 1840 idem
1657 1816 1704 1840 est
1719 1809 1874 1840 iudicium
1897 1810 1936 1840 de
1959 1809 2027 1850 ipsa
2051 1810 2185 1849 pecunia
2209 1817 2240 1841 et
2263 1811 2302 1840 de
2325 1810 2392 1841 eius
2416 1821 2473 1851 po-

1410 1853 1516 1885 tentia.
1540 1854 1581 1885 Et
1603 1860 1769 1894 propterea
1793 1854 1873 1884 sicut
1896 1864 1963 1884 non
1986 1854 2059 1884 licet
2080 1854 2202 1884 ratione
2225 1854 2378 1894 pecuniae
2397 1855 2475 1885 acci-

1411 1907 1485 1938 pere
1508 1898 1590 1928 ultra
1613 1904 1741 1934 sortem,
1764 1897 1807 1928 ita
1826 1907 1892 1928 non
1908 1898 1980 1928 licet
1995 1898 2109 1928 addere
2125 1898 2245 1938 aliquid
2264 1898 2336 1938 plus
2352 1899 2473 1929 ratione

1411 1952 1487 1972 suae
1516 1942 1692 1982 potentiae:
1725 1951 1800 1972 cum
1831 1943 1917 1972 enim
1946 1941 2193 1982 inseparabiliter
2224 1952 2290 1973 sese
2322 1943 2475 1973 comiten-

1410 1993 1478 2022 tur,
1502 1986 1657 2017 iudicium
1687 1986 1788 2016 latum
1812 1995 1830 2016 a
1853 1986 2035 2016 doctoribus
2067 1986 2105 2016 de
2128 1986 2263 2026 pecunia
2291 1986 2476 2026 intelligitur

1412 2030 1450 2060 de
1473 2030 1541 2070 ipsa
1564 2040 1639 2061 cum
1662 2040 1719 2061 sua
1742 2030 1832 2070 quasi
1857 2030 1990 2061 naturali
2015 2031 2157 2070 potentia
2180 2031 2221 2061 ad
2243 2031 2379 2062 lucrum.
2413 2031 2475 2062 Sed

1412 2075 1551 2105 secunda
1573 2074 1716 2115 potentia
1739 2074 1920 2114 adiungitur
1943 2074 2096 2114 pecuniae
2119 2084 2156 2105 ex
2172 2074 2234 2105 hoc
2250 2075 2340 2115 quod
2356 2076 2476 2106 substat

1412 2118 1466 2149 tali
1489 2118 1671 2150 industriae.
1695 2118 1736 2148 Et
1759 2125 1926 2159 propterea
1949 2128 2014 2149 non
2040 2118 2188 2150 convenit
2210 2119 2363 2159 pecuniae
2386 2120 2476 2150 abso—

1411 2163 1487 2201 lute,
1508 2172 1566 2193 nec
1582 2173 1600 2193 a
1615 2172 1821 2203 quocumque
1837 2163 1998 2199 habeatur,
2014 2163 2069 2193 sed
2084 2162 2118 2192 in
2134 2162 2245 2193 ordine
2261 2163 2301 2193 ad
2316 2163 2471 2204 aliquem:

1413 2213 1443 2238 et
1465 2206 1596 2247 suscipit
1618 2206 1718 2246 magis
1742 2213 1773 2237 et
1795 2206 1911 2243 minus,
1935 2207 2021 2237 iuxta
2044 2206 2352 2247 approximationem
2371 2208 2410 2237 ad
2428 2208 2475 2238 lu-

1413 2260 1518 2287 crum,
1544 2258 1574 2281 et
1601 2250 1810 2291 quantitatem
1840 2250 1974 2290 negotii,
1998 2250 2185 2287 industriae,
2203 2249 2260 2282 etc.
2291 2252 2332 2282 Et
2356 2252 2393 2281 de
2417 2252 2476 2282 hac

1412 2295 1554 2335 potentia
1582 2304 1649 2325 non
1680 2301 1754 2325 sunt
1782 2294 1986 2335 intelligenda
2016 2295 2098 2325 dicta
2128 2295 2298 2326 doctorum
2328 2305 2402 2326 curn
2428 2296 2476 2325 lo-

1412 2345 1557 2380 quuntur
1579 2339 1618 2369 de
1641 2338 1784 2379 pecunia.
1810 2339 1914 2370 immo
1937 2339 2018 2369 hanc
2033 2339 2179 2375 vendere,
2204 2349 2270 2375 seu,
2291 2339 2404 2370 melius
2427 2340 2476 2369 lo-

1413 2383 1553 2424 quendo‘,
1578 2383 1735 2414 redimere
1756 2382 1842 2419 licet,
1867 2383 1948 2414 ultra
1971 2389 2098 2414 sortem.

1467 2427 1506 2458 V.
1540 2427 1639 2464 Quod
1668 2433 1705 2458 ut
1734 2427 1908 2458 radicaliter
1939 2433 2099 2467 penetres,
2134 2426 2400 2457 considerandum
2430 2434 2477 2458 est

1412 2471 1542 2512 quando
1561 2477 1593 2501 et
1611 2471 1779 2512 quomodo
1799 2470 1947 2502 convenit
1965 2471 2024 2502 ista
2042 2471 2185 2511 potentia
2204 2471 2356 2511 pecuniae
2373 2481 2476 2501 exem-

1411 2515 1548 2555 plariter,
1565 2515 1718 2546 brevioris
1741 2522 1772 2546 et
1795 2515 1933 2546 clarioris
1950 2515 2110 2546 doctrinae
2125 2515 2230 2555 gratia.
2256 2515 2400 2546 Granum
2423 2516 2477 2546 tri-

1412 2559 1465 2590 tici
1495 2559 1662 2599 dupliciter
1691 2559 1846 2599 possideri
1876 2566 1991 2599 potest.
2022 2559 2147 2595 Primo,
2172 2559 2334 2600 absolute:
2363 2566 2393 2590 et
2415 2559 2475 2596 sic,

1412 2603 1558 2644 quamvis
1581 2603 1694 2634 habeat
1716 2603 1749 2633 in
1773 2613 1805 2633 se
1829 2603 2006 2643 potentiam
2029 2603 2248 2639 sementinam,
2273 2613 2331 2643 pro
2354 2610 2476 2644 quanto

1412 2647 1513 2688 possit
1535 2647 1650 2688 aliquis
1674 2647 1719 2678 uti
1743 2657 1782 2678 eo
1807 2647 1846 2677 ad
1869 2648 2054 2684 serendum,
2079 2647 2287 2677 nihilominus
2315 2657 2380 2677 non
2403 2648 2476 2687 plus

1411 2692 1495 2722 valet
1523 2698 1653 2732 propter
1682 2691 1776 2722 istam
1798 2691 1990 2731 potentiam,
2014 2701 2112 2732 quam
2135 2691 2279 2722 absolute
2302 2691 2405 2722 habet.
2436 2692 2478 2722 Et

1411 2735 1486 2766 huic
1501 2735 1661 2776 potentiae
1677 2735 1847 2776 respondet
1862 2735 1894 2766 in
1909 2735 2044 2776 pecunia
2060 2735 2202 2775 potentia
2216 2735 2385 2775 pecuniae:
2402 2745 2477 2765 nam

1413 2779 1494 2810 sicut
1515 2786 1622 2820 potest
1644 2779 1716 2820 quis
1739 2779 1786 2810 uti
1802 2789 1900 2819 grano
1924 2780 1964 2809 ad
1981 2780 2215 2810 comedendum
2238 2779 2288 2809 vel
2311 2780 2350 2809 ad
2374 2789 2477 2809 seren-

1413 2824 1501 2860 dum,
1525 2823 1568 2854 ita
1590 2830 1696 2864 potest
1717 2823 1788 2864 quis
1811 2823 1947 2863 pecunia
1970 2823 2016 2853 uti
2040 2824 2080 2853 ad
2103 2822 2370 2853 commutationes
2389 2833 2477 2853 com-

1413 2877 1527 2898 munes
1542 2868 1592 2898 vel
1607 2868 1647 2898 ad
1662 2867 1861 2898 lucrandum.
1879 2884 1898 2890 -
1913 2867 2070 2903 Secundo,
2086 2874 2192 2906 potest
2207 2867 2361 2906 possideri
2377 2873 2413 2897 ut
2431 2877 2477 2897 se-

1413 2912 1564 2942 rendum:
1597 2918 1628 2942 et
1651 2911 1711 2942 hoc
1735 2911 1866 2950 suscipit
1887 2911 2096 2947 incrementa,
2121 2911 2199 2941 dum
2222 2910 2322 2950 magis
2346 2920 2477 2951 praepa-

1413 2962 1518 2986 ratum
1542 2962 1589 2985 est
1611 2962 1642 2985 et
1665 2955 1864 2991 ordinatum,
1889 2954 2162 2994 approximatum,
2185 2954 2235 2984 vel
2259 2964 2412 2994 sparsum.
2437 2955 2478 2985 Et

1413 2999 1487 3029 huic
1509 2999 1670 3039 potentiae
1693 2999 1863 3039 respondet
1886 2998 1918 3028 in
1935 2998 2069 3038 pecunia
2092 2998 2235 3038 potentia
2250 3005 2286 3029 ut
2305 2999 2412 3029 subest
2430 2999 2476 3028 in-

1414 3043 1562 3074 dustriae.

1472 3087 1560 3118 Sicut
1582 3092 1689 3117 autem
1712 3096 1848 3126 granum
1870 3085 1962 3117 uitici
1987 3095 2053 3116 non
2082 3085 2263 3126 possidetur
2285 3092 2322 3116 ut
2350 3096 2476 3122 semen,

1414 3141 1473 3161 nec
1497 3137 1543 3161 est
1565 3130 1796 3161 restituendum
1826 3137 1862 3161 ut
1885 3139 1992 3161 semen
2016 3129 2042 3160 si
2075 3130 2216 3160 ablatum
2243 3137 2338 3166 esset,
2362 3130 2422 3160 nisi
2444 3130 2478 3160 in

1414 3175 1543 3206 veritate
1557 3175 1597 3205 ad
1620 3174 1682 3205 hoc
1705 3174 1846 3206 delatum
1868 3175 1919 3205 vel
1949 3174 2059 3205 saltem
2077 3180 2223 3214 paratum
2246 3174 2297 3210 sit;
2322 3174 2365 3204 ita
2383 3184 2478 3214 pecu-

1415 3219 1468 3249 nia
1489 3229 1557 3249 non
1579 3218 1712 3249 habetur
1734 3226 1771 3249 ut
1794 3219 1939 3249 substans
1962 3218 2134 3248 industriae
2157 3218 2294 3258 negotii,
2319 3225 2394 3254 etc.,
2419 3218 2479 3248 nisi

1415 3263 1448 3293 in
1471 3263 1600 3294 veritate
1624 3262 1812 3303 applicanda
1835 3269 1926 3293 esset.
1951 3262 2026 3300 Quo
2049 3261 2086 3293 fit
2107 3269 2143 3293 ut
2165 3262 2246 3292 sicut
2269 3261 2319 3292 fur
2337 3262 2392 3302 qui
2410 3263 2478 3292 abs-

1415 3307 1486 3338 tulit
1508 3317 1643 3348 granum
1666 3313 1812 3347 paratum
1835 3316 1894 3346 pro
1918 3306 2048 3342 semine,
2072 3312 2196 3337 tenetur
2219 3316 2285 3335 non
2309 3306 2415 3336 solum
2438 3306 2477 3335 ad

1414 3351 1646 3382 restituendum
1662 3351 1793 3391 aequale
1809 3357 1939 3391 accepto
1955 3350 2068 3386 tritico,
2087 3350 2141 3380 sed
2157 3349 2253 3380 etiam
2269 3349 2388 3390 aliquid
2405 3350 2478 3389 plus

1414 3395 1610 3436 respondens
1634 3395 1794 3435 potentiae
1817 3395 2027 3430 sementinae,
2052 3394 2092 3424 ad
2115 3393 2277 3424 arbitrium
2300 3393 2377 3423 boni
2404 3393 2477 3430 viri,

1415 3440 1501 3470 iuxta
1524 3439 1708 3480 qualitatem
1732 3445 1761 3470 et
1785 3439 1994 3479 quantitatem
2018 3437 2124 3468 damni
2149 3447 2185 3468 ex
2207 3437 2268 3467 hoc
2292 3437 2478 3477 emergentis

1415 3483 1571 3524 impedito
1587 3493 1605 3513 a
1619 3483 1824 3518 seminando;
1841 3489 1872 3513 et
1894 3492 1960 3512 non
1977 3488 2100 3512 tenetur
2115 3481 2276 3512 restituere
2289 3487 2394 3512 totum
2413 3481 2478 3511 fru-

1416 3534 1503 3559 ctum
1527 3526 1684 3569 (deductis
1708 3525 1864 3568 expensis)
1895 3535 1992 3566 quem
2017 3535 2053 3556 ex
2076 3525 2129 3556 tali
2152 3525 2272 3556 satione
2295 3525 2346 3555 alii
2370 3525 2478 3555 convi-

1417 3571 1478 3602 cini
1501 3571 1558 3612 qui
1582 3571 1816 3601 seminaverunt
1838 3577 2055 3610 reportarunt,
2080 3569 2154 3610 quia
2183 3570 2318 3600 habebat
2340 3569 2478 3599 fructum

1415 3616 1448 3646 in
1473 3615 1614 3655 potentia
1633 3625 1688 3645 seu
1712 3614 1745 3644 in
1768 3614 1898 3650 virtute,
1922 3621 1952 3644 et
1975 3623 2040 3644 non
2059 3613 2091 3643 in
2107 3620 2193 3644 actu:
2218 3613 2261 3643 ita
2287 3613 2311 3643 si
2334 3613 2406 3653 quis
2430 3612 2478 3642 fu-

1415 3666 1501 3690 ratus
1524 3666 1604 3689 esset
1634 3658 1802 3699 pecuniam
1827 3657 2046 3698 applicandam
2063 3658 2102 3687 ad
2125 3657 2382 3697 negotiationem,
2400 3656 2475 3693 etc.,

2305 3724 2332 3740 21
