2860 4244
20 867 23 870 ,
278 835 468 919 Dumna
505 825 825 862 considerandum
862 831 918 861 est
946 824 992 861 de
1022 823 1167 860 actibus
1201 822 1339 871 quibus

23 885 246 938 ‘fflffiffl
360 878 508 927 aliquae
538 890 596 915 res
620 877 824 915 exteriores
842 878 926 914 Deo
950 875 1206 913 offeruntur&
1230 875 1339 911 Circa

26 955 27 958 =
275 944 376 981 quos
396 931 560 969 occurrit
579 932 720 980 duplex
738 929 1007 967 consideratio:
1027 929 1153 978 primo
1169 927 1338 977 quidem,

276 985 324 1023 de
359 985 416 1022 his
447 997 544 1033 quae
581 985 667 1021 Deo
705 996 727 1020 a
754 983 932 1021 fidelibus
961 982 1117 1027 dantur3
1155 981 1337 1027 secundo,

28 1049 37 1058 ¹*
60 1042 232 1072 wam·
276 1037 324 1076 de
351 1038 464 1084 votis,
494 1037 633 1085 quibus
662 1037 696 1074 ei
724 1036 851 1084 aliqua
877 1035 1149 1084 promittuntur
1167 1032 1198 1070 ²¹².
1229 1032 1339 1069 Circa

32 1134 36 1138 Α
273 1091 456 1141 primum,
473 1089 794 1128 considerandum
814 1095 871 1125 est
889 1088 937 1125 de
958 1086 1160 1133 sacrificiis,
1181 1085 1340 1123 oblatio-

44 1147 207 1198 '‘Eam''
144 1177 188 1196 m.
201 1162 226 1202 4'·
275 1143 426 1182 nibus*
428 1141 699 1193 ,primitiis**
728 1149 764 1178 et
791 1140 948 1178 decimis
966 1139 1038 1176 W.

39 1217 54 1250 ².
74 1199 246 1229 ΨΜ·
275 1197 387 1234 Circa
416 1195 602 1234 sacrificia
629 1201 863 1244 quaeruntur
889 1200 1063 1242 quatuor.

292 1655 311 1668 ι,
430 1630 433 1633 ‘
485 1632 654 1662 naturae
683 1624 741 1660 Ea
770 1622 872 1660 enim
901 1634 1000 1671 quae
1029 1628 1116 1659 sunt
1149 1620 1241 1658 iuris
1269 1633 1334 1657 na-

283 1689 287 1697 '
372 1679 425 1706 ’
455 1677 611 1715 turalis
649 1675 871 1713 communia
899 1682 987 1712 sunt
1014 1675 1116 1724 apud
1146 1685 1283 1711 omnes
1303 1678 1332 1710 α.

271 1712 365 1769 Non
393 1737 522 1767 autem
557 1730 632 1768 hoc
660 1728 847 1789 contingit·
869 1729 967 1766 circa
1000 1726 1204 1765 sacrificia.
1243 1738 1334 1764 nam

270 1784 428 1834 quidam
447 1783 623 1832 leguntur
637 1782 847 1820 obtulisse
839 1794 877 1820 1n
893 1781 1121 1819 sacrificium
1141 1792 1282 1829 panem
1299 1786 1335 1817 et

269 1837 420 1884 vinum,
439 1836 536 1874 sicut
562 1836 610 1874 de
635 1835 918 1873 Melchisedech
942 1834 1088 1883 dicitur,
1112 1834 1205 1872 Gen.
1220 1832 1333 1880 xiv*;

128 1892 146 1928 β
272 1897 309 1928 et
336 1889 493 1939 quidam
530 1890 644 1937 haec,
674 1889 832 1938 quidam
865 1888 926 1925 illa
954 1886 969 1917 β
997 1887 1186 1925 animalia.
1230 1887 1332 1934 Ergo

272 1942 414 1982 oblatio
452 1942 725 1980 sacrificiorum
764 1954 843 1979 non
879 1948 934 1978 est
961 1941 1009 1979 de
1043 1940 1124 1978 iure
1159 1939 1332 1976 naturali.

326 2007 363 2034 2.
382 1997 618 2044 PRAETEREA,
639 2007 685 2032 ea
705 2007 804 2044 quae
823 2001 910 2032 sunt
932 1993 1022 2030 iuris
1051 1992 1232 2031 naturalis
1251 2005 1334 2030 om-

270 2061 340 2087 nes
367 2048 453 2086 iusti
481 2055 757 2094 servaverunt„
777 2048 854 2086 Sed
882 2059 962 2085 non
989 2046 1123 2094 legitur
1151 2046 1199 2083 de
1229 2047 1334 2083 Isaac

270 2101 377 2152 quod
397 2102 625 2140 sacrificium
640 2101 835 2139 obtulerit:
856 2112 982 2149 neque
999 2099 1112 2137 etiam
1129 2100 1177 2137 de
1192 2100 1332 2146 Adam,

271 2155 319 2193 de
352 2167 429 2204 quo
466 2163 596 2193 tamen
625 2154 778 2202 dicitur,
807 2155 895 2203 Sap.
917 2165 940 2190 x
958 2153 990 2201 ²¹²,
1020 2153 1125 2202 quod
1152 2152 1333 2201 sapientia

271 2208 401 2246 eduxit
426 2220 512 2246 eum
540 2220 565 2246 a
592 2208 722 2245 delicto
749 2220 830 2245 suo.
860 2208 964 2255 Ergo
988 2206 1130 2243 oblatio
1160 2205 1333 2242 sacrificii

271 2272 352 2299 non
381 2268 436 2298 est
465 2262 513 2299 de
541 2261 624 2298 iure
651 2261 823 2298 naturali.

327 2315 362 2352 3.
379 2315 612 2361 Pmrunm,
628 2314 862 2362 Augustinus
886 2312 985 2359 dicit,
1007 2313 1043 2348 X
1056 2312 1102 2349 de
1121 2311 1200 2348 Civ.
1212 2311 1287 2348 Dei
1299 2310 1331 2358 *‚

272 2366 378 2416 quod
397 2367 582 2404 sacrificia
601 2367 639 2404 in
659 2367 826 2415 quadam
846 2365 1095 2414 significantia
1109 2364 1331 2401 offeruntur.

270 2419 397 2457 Voces
424 2428 573 2467 autem,
604 2432 703 2480 quae
731 2427 819 2457 sunt
850 2418 1054 2468 praecipua
1090 2418 1187 2454 inter
1215 2417 1332 2465 signa,

237 2496 244 2504 ·
271 2472 368 2511 sicut
391 2473 494 2511 idem
523 2473 622 2521 dicit,
643 2473 682 2510 in
710 2473 806 2509 libro
835 2473 881 2509 de
907 2473 1015 2508 Doct.
1042 2470 1174 2508 Christ.
1195 2469 1226 2517 ³¹²,
1257 2482 1331 2507 non

270 2526 488 2577 signficant
503 2526 735 2572 naturaliter,
755 2526 821 2562 sed
837 2526 889 2562 ad
900 2524 1094 2573 placitum,
1121 2523 1333 2560 secundum

211 2599 245 2632 ,⁹2
272 2579 550 2629 Philosophum
570 2579 600 2617 ³⁸.
631 2580 733 2627 Ergo
761 2577 946 2616 sacrificia
973 2590 1052 2614 non
1071 2584 1159 2614 sunt
1183 2576 1231 2614 de
1250 2577 1331 2624 lege

211 2651 218 2659 ·
272 2633 443 2670 naturali.

327 2686 403 2722 Sur>
441 2696 587 2722 CONTRA
615 2696 681 2722 EST
708 2685 815 2734 quod
851 2684 891 2721 in
919 2683 1086 2732 qualibet
1122 2689 1261 2729 aetate,
1298 2689 1334 2718 et

274 2738 376 2788 apud
391 2738 577 2787 quaslibet
594 2737 798 2775 hominum
813 2737 998 2784 nationes,
1016 2748 1169 2785 semper
1186 2735 1254 2772 fuit
1269 2735 1332 2772 ali-

274 2804 350 2840 qua
374 2790 648 2828 sacrificiorum
676 2790 830 2827 oblatio.
861 2789 978 2837 Quod
997 2797 1124 2827 autem
1150 2796 1205 2826 est
1231 2789 1333 2837 apud

274 2856 422 2891 omnes,
442 2843 594 2881 videtur
618 2844 787 2880 naturale
807 2855 902 2880 esse.
932 2843 1035 2890 Ergo
1056 2849 1091 2879 et
1110 2841 1251 2878 oblatio
1277 2853 1334 2877 sa-

131 2909 148 2936 τ
275 2897 404 2935 crificii
425 2901 440 2924 Υ
470 2904 526 2933 est
553 2896 600 2934 de
629 2896 710 2933 iure
738 2895 908 2932 naturali.

328 2951 555 2987 RESPONDEO
575 2961 759 2986 DICENDUM
779 2948 883 3007 quod
909 2947 1089 2984 naturalis
1109 2946 1202 2983 ratio
1223 2946 1336 2983 dictat

275 3003 422 3040 homini
452 3002 555 3052 quod
589 3002 698 3039 alicui
726 3000 912 3050 superiori
949 2999 1151 3059 subdatur,
1180 3006 1337 3047 propter

277 3056 445 3093 defectus
473 3067 570 3104 quos
598 3055 636 3092 in
665 3054 790 3103 seipso
820 3053 941 3100 sentit,
971 3053 1010 3089 in
1038 3052 1176 3101 quibus
1205 3052 1253 3088 ab
1274 3051 1336 3088 ali-

276 3121 354 3157 quo
375 3108 561 3168 superiori
581 3115 665 3156 eget
683 3106 856 3145 adiuvari
876 3114 912 3143 et
932 3105 1048 3154 dirigi.
1073 3106 1127 3142 ‘Et
1152 3104 1336 3154 quidquid

276 3162 367 3199 illud
396 3162 453 3207 sit,
482 3162 557 3198 hoc
577 3168 633 3198 est
651 3161 758 3209 quod
777 3159 880 3209 apud
901 3171 1035 3196 omnes
1056 3157 1190 3195 dicitur
1217 3158 1334 3195 Deus.

277 3215 381 3252 Sicut
410 3222 538 3251 autem
567 3213 605 3251 in
634 3214 747 3251 rebus
775 3212 1009 3250 naturalibus
1038 3210 1255 3248 naturaliter
1282 3211 1335 3248 in-

277 3268 415 3305 feriora
453 3266 712 3316 superioribus
739 3266 972 3313 subduntur,
1001 3265 1051 3302 ita
1080 3265 1191 3301 etiam
1229 3271 1335 3301 natu-

277 3321 362 3358 ralis
382 3321 478 3358 ratio
503 3320 617 3357 dictat
642 3319 789 3356 homini
813 3318 1024 3356 secundum
1044 3318 1253 3355 naturalem
1282 3317 1335 3354 in-

330 3488 357 3521 α)
377 3495 475 3513 omnes.
486 3501 506 3508 -
523 3486 641 3512 homines
660 3486 756 3511 addunt
773 3485 821 3509 Pa.

330 3521 355 3556 β)
375 3523 446 3552 haec,
465 3522 573 3556 quidam
594 3522 648 3547 illa.
661 3535 679 3540 -
698 3521 762 3546 haec
775 3522 802 3545 et
813 3519 943 3552 quaedam
956 3519 1010 3544 alia
1028 3519 1059 3551 D,
1074 3519 1205 3552 quaedam
1219 3520 1251 3550 H,
1269 3519 1333 3544 haec

277 3558 385 3591 quidam
404 3565 467 3584 vero
485 3558 541 3584 alia
560 3561 589 3583 ut
608 3557 654 3582 Pa.

937 253 1204 300 QUAESTIO
1235 253 1427 300 LXXXV,
1457 253 1752 303 ARTICULUS
1783 254 1796 289 Ι

714 502 1122 582 QUAESTIO
1161 503 2002 580 OCTOGESIMAQUINTA

139 626 157 630 “
1133 623 1216 663 DE
1249 614 1599 663 SACRIFICHS

1058 739 1092 764 IN
1121 738 1295 769 QUATUOR
1321 736 1525 762 ARTICULOS
1552 737 1670 762 DIVISA

1445 821 1599 858 Primo:
1634 830 1762 858 utrum
1791 823 1930 860 offerre
1958 825 2043 860 Deo
2073 823 2301 860 sacrificium
2330 824 2376 861 sit
2404 825 2451 862 de

1500 874 1582 921 lege
1611 882 1780 912 naturae.

1446 927 1646 964 Secundo:
1684 934 1811 964 utrum
1839 928 1909 965 soli
1945 929 2030 965 Deo
2060 929 2104 965 sit
2132 929 2359 966 sacrificium
2398 930 2452 966 of-

1498 979 1711 1016 ferendum.
1822 1025 1826 1029 .

1445 1032 1598 1069 Tertio:
1627 1039 1753 1069 utrum
1784 1033 1920 1069 offerre
1949 1033 2178 1070 sacrificium
2207 1034 2253 1071 sit
2281 1034 2451 1083 specialis

1499 1093 1605 1122 actus
1632 1085 1791 1122 virtutis.

1446 1138 1616 1185 Quarto:
1636 1145 1764 1175 utrum
1785 1150 1918 1175 omnes
1937 1146 2136 1175 teneantur
2154 1139 2203 1176 ad
2222 1139 2449 1176 sacrificium

1363 1210 1366 1239 1
1499 1191 1754 1228 offerendum.

1084 1316 1402 1359 ARTICULUS
1434 1315 1640 1358 PRIMUS

698 1421 854 1452 UTRUM
877 1419 1076 1451 OFFERRE
1099 1418 1374 1450 SACRIFICIUM
1396 1417 1486 1449 1)Εο
1510 1417 1576 1448 srr
1600 1418 1657 1448 DE
1681 1417 1794 1449 LEGE
1816 1417 2025 1448 NATURAE

1389 1514 1631 1552 clinationem
1659 1522 1702 1551 ut
1729 1514 1764 1550 ei
1783 1514 1888 1564 quod
1917 1522 1973 1551 est
2001 1527 2116 1563 supra
2138 1515 2337 1552 hominem
2362 1517 2450 1553 sub-

1387 1567 1591 1604 iectionem
1621 1574 1658 1604 et
1682 1568 1871 1604 honorem
1899 1567 2071 1604 exhibeat
2096 1568 2308 1605 secundum
2336 1581 2448 1606 suum

1387 1621 1562 1658 modum.
1593 1621 1662 1656 Est
1680 1627 1807 1656 autem
1829 1620 1968 1657 modus
1988 1621 2221 1658 conveniens
2243 1621 2390 1658 homini
2408 1630 2450 1659 ut

1388 1673 1629 1710 sensibilibus
1658 1673 1772 1721 signis
1800 1680 1926 1710 utatur
1953 1673 2002 1710 ad
2030 1673 2157 1721 aliqua
2189 1674 2447 1722 exprimenda,

1387 1727 1478 1775 quia
1501 1738 1547 1763 ex
1566 1725 1807 1769 sensibilibus
1828 1725 2084 1774 cognitionem
2113 1726 2258 1775 accipit.
2289 1728 2338 1763 Et
2360 1727 2448 1764 ideo

1389 1792 1434 1816 ex
1459 1779 1620 1816 naturali
1647 1779 1793 1817 ratione
1821 1779 1994 1828 procedit
2021 1779 2127 1827 quod
2154 1781 2274 1817 homo
2294 1780 2450 1828 quibus-

1388 1833 1478 1870 dam
1507 1832 1745 1869 sensibilibus
1775 1833 1888 1869 rebus
1915 1839 2042 1869 utatur
2069 1833 2235 1870 offerens
2262 1845 2326 1870 eas
2349 1834 2447 1881 Deo,

1387 1886 1426 1923 in
1454 1885 1604 1934 signum
1626 1886 1774 1923 debitae
1803 1885 2048 1922 subiectionis
2070 1893 2106 1923 et
2124 1886 2294 1932 honoris⁷
2315 1898 2448 1924 secun-

1388 1940 1481 1977 dum
1501 1938 1785 1976 similitudinem
1806 1951 1941 1975 eorum
1962 1938 2027 1988 qui
2047 1939 2212 1976 dominis
2231 1940 2308 1976 suis
2323 1940 2448 1989 aliqua

1388 1992 1555 2029 offerunt
1568 1992 1607 2028 in
1619 1991 1918 2040 recognitionem
1933 1991 2103 2030 dominii.
2121 1993 2208 2029 Hoc
2220 2000 2349 2040 autem
2364 2005 2448 2042 per-

1386 2045 1478 2082 tinet
1505 2045 1555 2082 ad
1575 2045 1761 2082 rationem
1781 2044 1965 2082 sacrificii.
1996 2045 2044 2081 Et
2068 2045 2155 2083 ideo
2176 2046 2316 2083 oblatio
2337 2047 2449 2083 sacri-

1387 2098 1461 2135 ficii
1490 2097 1653 2147 pertinet
1681 2099 1730 2135 ad
1757 2098 1816 2135 ius
1845 2098 2027 2135 naturale.

1440 2153 1500 2189 An
1528 2163 1666 2188 PR1M1JM
1694 2162 1792 2188 ERGO
1821 2163 2005 2188 mcENDUM
2030 2151 2147 2199 quod,
2173 2151 2268 2188 sicut
2296 2164 2411 2200 supra
2428 2151 2449 2173 ²⁸⁸

1388 2204 1530 2242 dictum
1561 2212 1627 2251 est,
1657 2204 1783 2254 aliqua
1811 2204 1849 2241 in
1870 2204 2068 2241 communi
2096 2212 2184 2241 sunt
2212 2205 2258 2241 de
2282 2204 2363 2241 iure
2383 2217 2448 2242 na-

1386 2257 1495 2294 turali
1523 2269 1690 2305 quorum
1720 2257 2054 2295 determinationes
2083 2265 2171 2294 sunt
2199 2258 2246 2294 de
2274 2257 2354 2294 iure
2379 2270 2448 2306 po-

1387 2311 1518 2347 sitivo:
1547 2311 1644 2347 sicut
1671 2311 1777 2358 quod
1805 2311 2067 2348 malefactores
2094 2310 2301 2359 puniantur
2334 2311 2449 2347 habet

1386 2364 1445 2401 lex
1473 2354 1670 2408 naturalis,
1710 2364 1777 2401 sed
1806 2364 1912 2423 quod
1945 2364 2007 2400 tali
2035 2375 2163 2412 poena
2189 2364 2252 2400 vel
2288 2363 2350 2400 tali
2379 2375 2449 2412 pu-

1386 2417 1537 2454 niantur
1566 2424 1621 2453 est
1650 2429 1694 2453 ex
1719 2417 1950 2454 institutione
1975 2414 1988 2438 ³
2018 2416 2147 2453 divina
2174 2418 2236 2454 vel
2263 2417 2445 2454 humana.

1388 2469 1567 2507 Similiter
1587 2470 1700 2506 etiam
1719 2470 1871 2507 'oblatio
1902 2469 2074 2506 sacrificii
2103 2469 2141 2506 in
2168 2470 2365 2507 communi
2393 2478 2448 2506 est

1387 2524 1435 2560 de
1459 2523 1540 2571 lege
1569 2530 1726 2559 naturae
1746 2528 1777 2559 ⁸:
1809 2530 1845 2559 et
1872 2522 1960 2560 ideo
1989 2522 2028 2559 in
2046 2523 2121 2559 hoc
2142 2535 2277 2560 omnes
2307 2535 2448 2560 conve—

1386 2575 1504 2613 niunt.
1535 2576 1611 2613 Sed
1641 2575 1907 2613 determinatio
1936 2575 2209 2612 sacrificiorum
2239 2583 2295 2613 est
2324 2588 2369 2612 ex
2393 2576 2448 2613 in-

1386 2629 1578 2666 stitutione
1606 2630 1776 2666 humana
1793 2629 1856 2666 vel
1877 2628 2024 2666 divina:
2055 2636 2091 2665 et
2114 2629 2201 2666 ideo
2229 2629 2266 2666 in
2286 2629 2361 2665 hoc
2381 2629 2447 2666 dif-

1386 2683 1521 2719 ferunt.

1430 2737 1499 2771 *AD
1528 2746 1718 2772 SECUNDUM
1754 2746 1938 2771 mcssNDUM
1971 2734 2075 2782 quod
2108 2734 2234 2770 Adam
2264 2741 2300 2770 et
2329 2736 2445 2781 Isaac,

1388 2788 1483 2825 sicut
1511 2795 1548 2824 et
1567 2787 1627 2824 alii
1654 2787 1749 2834 iusti,
1779 2788 1864 2824 Deo
1891 2787 2119 2824 sacrificium
2149 2787 2365 2823 obtulerunt
2391 2799 2446 2823 se-

1389 2840 1558 2878 cundum
1577 2840 1635 2876 sui
1654 2840 1837 2889 temporis
1857 2840 2163 2887 congruentiam:
2193 2847 2234 2875 ut
2259 2847 2362 2888 patet
2379 2852 2448 2888 per

1389 2893 1629 2940 Gregorium,
1660 2893 1724 2941 qui
1759 2892 1846 2929 dicit
1864 2892 1884 2914 ’¹‘
1911 2892 2015 2941 quod
2045 2892 2147 2941 apud
2177 2892 2352 2940 antiquos
2380 2905 2448 2941 per

1389 2945 1662 2983 sacrificiorum
1693 2945 1904 2982 oblationes
1933 2945 2193 2982 remittebatur
2219 2945 2346 2994 pueris
2376 2945 2448 2982 ori-

1390 2999 1510 3047 ginale
1539 3005 1751 3048 peccatum.
1782 2999 1872 3034 Non
1901 3005 2031 3035 tamen
2058 2998 2104 3035 de
2125 2999 2305 3035 omnibus
2333 2998 2448 3035 iusto-

1391 3063 1475 3088 rum
1495 3051 1686 3088 sacrificiis
1706 3051 1748 3088 fit
1771 3051 1914 3088 mentio
1934 3051 1972 3088 in
1994 3051 2205 3099 Scriptura:
2236 3051 2303 3088 sed
2323 3052 2446 3088 solum

1392 3104 1439 3142 de'
1468 3104 1536 3141 illis
1565 3103 1664 3141 circa
1693 3116 1791 3153 quae
1821 3104 1960 3153 aliquid
1989 3103 2151 3153 speciale
2181 3104 2327 3141 accidit.

1445 3159 1575 3194 Potest
1599 3165 1728 3194 tamen
1755 3169 1836 3194 esse
1857 3157 1951 3194 ratio
1971 3169 2089 3206 quare
2109 3157 2235 3194 Adam
2260 3170 2337 3194 non
2361 3156 2448 3204 legi-

1390 3218 1451 3248 tur
1470 3210 1697 3247 sacrificium
1719 3210 1911 3257 obtulisse,
1931 3223 1992 3258 ne,
2013 3210 2100 3259 quia
2123 3210 2161 3246 in
2190 3210 2271 3258 ipso
2299 3217 2450 3246 notatur

1391 3263 1497 3312 origo
1526 3263 1687 3312 peccati,
1718 3263 1829 3300 simul
1859 3263 1972 3300 etiam
2001 3262 2037 3300 in
2068 3275 2113 3299 eo
2143 3262 2448 3299 sanctificationis

1390 3317 1495 3365 origo
1511 3316 1793 3364 significaretur.
1806 3337 1830 3344 —
1852 3318 1956 3353 Isaac
1976 3328 2070 3353 vero
2096 3315 2320 3363 significavit
2342 3315 2449 3352 Chri-

1439 3484 1465 3518 γ)
1485 3484 1649 3517 ςαενίβείιζ-
1666 3483 1857 3516 sacrificiorum
1877 3482 1948 3507 PGa.

1439 3518 1464 3587 g)
1483 3517 1898 3580 affixionenatafglifii‘ztione
1916 3516 2070 3549 PEFHLpK
2090 3522 2115 3541 et
2133 3523 2159 3542 a.

2382 250 2454 286 215

2475 2160 2486 2171 ⁸
2493 2160 2576 2208 1⁸13&
2586 2167 2625 2189 qu.
2636 2166 2688 2187 xcv,

2474 2900 2484 2909 ⁸
2494 2899 2582 2921 Moral.
2593 2898 2634 2920 lib.
2644 2899 2684 2925 1V,

2474 2931 2525 2954 cap.
2540 2931 2572 2947 nr.
