2860 4244
219 582 283 608 'Qu.
299 587 369 608 xxxii,
386 584 427 602 art.

218 615 236 635 5.

219 801 228 808 ¹
240 799 274 820 Cf.
288 805 349 826 resp.
364 797 392 819 ad
407 803 427 825 3.

218 1016 250 1036 ⁸2(
254 1016 310 1037 loss.
315 1015 357 1036 sub
364 1021 428 1036 nom-

221 1042 330 1063 Ambros.
358 1041 386 1062 ad
419 1041 428 1062 l

221 1069 279 1090 lim.
309 1074 334 1089 ca

218 1100 278 1116 vers.
288 1095 309 1115 8.
320 1074 416 1115 -iiixl-li

218 1122 258 1142 lar.
273 1120 338 1142 Diae.

218 1149 227 1157 ⁸
243 1147 278 1169 Cf.
292 1153 354 1174 resp.
369 1146 428 1167 ad2.

219 1233 279 1254 'Ct
302 1236 343 1254 art
364 1239 428 1260 prae-

219 1259 268 1280 ced.

219 2206 226 2213 “
244 2204 311 2225 Vers.
326 2210 348 2231 9.

218 2356 229 2365 ⁸
251 2356 307 2377 Loc.
326 2355 365 2376 eit.
386 2357 428 2376 art.

219 2381 398 2431 Ψὲἓῗιῗάὲιέἑῗ
403 2387 429 2429 3-1

224 2992 294 3040 kLib.
310 2992 338 3018 x,
349 2991 377 3013 ad
391 2991 434 3013 litt.

458 255 506 289 86

1108 245 1374 292 QUAESTIO
1405 245 1544 290 LXVI,
1574 244 1870 281 ARTICULUS
1901 245 1949 280 111

1117 362 1449 394 Commentaria
1472 359 1722 392 Cardinalis
1745 359 1945 392 Caietam

486 457 506 477 N
530 447 661 477 articulo
685 445 824 475 secundo
849 443 990 473 eiusdem
1014 440 1208 482 quaestionis
1240 447 1316 470 nota
1344 439 1515 470 distinctio-

460 460 560 520 Inem
584 491 622 520 de
646 496 799 529 potestate
823 486 1013 527 procurandi
1037 495 1073 515 ac
1092 484 1303 524 dispensandi,
1328 490 1358 514 et
1382 483 1420 513 de
1444 493 1514 513 usu.

456 535 496 564 Et
519 534 544 564 si
567 533 614 563 vis
644 533 720 562 haec
751 531 876 572 penitus
908 536 1083 569 penetrare,
1108 534 1269 558 memento
1293 537 1406 557 eorum
1434 536 1516 568 quae

456 578 569 617 scripta
586 583 659 607 sunt
675 577 713 605 de
733 576 951 614 eleemosynae
966 572 1140 622 praeceptis
1155 571 1181 602 *.
1207 571 1405 602 Habentibus
1420 570 1515 612 siqui-

456 622 529 651 dem
552 627 741 660 potestatem
765 617 967 658 dispensandi
994 616 1184 666 praecipitur
1207 622 1237 645 et
1260 622 1295 646 ut
1318 615 1516 655 superfluum

456 672 584 694 naturae
615 670 645 693 et
668 672 819 702 personae
844 660 1082 692 communicent
1112 658 1187 701 (hoc
1211 666 1257 689 est
1280 659 1365 689 enim
1388 659 1426 689 de
1450 668 1516 699 quo

455 707 643 738 Ambrosius
668 706 758 742 dicit,
782 706 859 736 Plus
882 715 977 745 quam
1007 704 1150 745 sufficiat
1179 704 1331 743 sumptui,
1365 704 1517 733 violenter

455 752 613 781 obtentum
638 755 702 780 est:
725 750 787 780 hoc
811 755 867 784 est,
891 749 979 789 quod
1004 757 1095 778 nemo
1113 748 1283 787 proprium
1307 747 1413 777 dicere
1428 747 1517 777 debet
1543 754 1544 757 ’

1543 796 1545 817 t
1570 789 1725 820 munitate
1749 794 1780 819 et
1801 788 1992 829 proprietate
2016 789 2170 824 absolute,
2195 795 2226 819 et
2248 798 2314 819 non
2337 788 2370 818 in
2395 797 2478 823 casu,
2503 787 2576 818 ideo
2599 787 2633 817 in

455 795 563 844 quoad
581 804 685 829 usum,
703 793 778 834 quia
792 793 901 833 quoad
916 802 1011 822 usum
1029 800 1200 822 commune
1217 798 1263 821 est
1277 789 1325 833 *);
1343 798 1373 821 et
1392 797 1427 821 ut
1443 800 1516 821 con-

456 838 571 868 stitutis
586 838 618 867 in
634 844 771 868 extrema
794 836 976 867 necessitate
1000 842 1129 866 naturae
1153 834 1350 875 superfluum
1372 829 1518 865 c'ommu-

455 882 569 917 nicent‚
593 881 747 922 quoniam
771 881 814 911 eis
838 887 874 911 ut
897 890 1070 910 commune
1094 879 1237 910 debitum
1260 886 1316 909 est.
1340 879 1381 909 Et
1403 878 1517 908 nihilo·
1544 887 1545 890 ¹

455 926 562 955 minus
585 925 761 955 consulitur
784 931 820 955 ut
844 923 938 955 etiam
962 930 1046 954 extra
1069 923 1129 953 hos
1153 933 1242 953 casus
1267 922 1355 952 facile
1380 922 1519 953 tribuant

455 969 673 1000 necessitatem
689 968 893 1009 patientibus:
919 968 1073 1008 quoniam
1091 972 1156 997 tota
1171 976 1296 997 summa
1316 966 1519 997 Christianae

456 1015 540 1044 vitae
563 1014 595 1043 in
612 1012 831 1044 misericordia
850 1013 958 1052 posita
982 1017 1028 1042 est
1043 1011 1069 1042 *.
1095 1011 1146 1041 Sic
1170 1010 1255 1040 enim
1275 1017 1305 1040 et
1321 1020 1518 1050 possessores

455 1058 556 1088 bonae
571 1057 823 1097 ‘dispensationis
845 1057 1003 1093 meritum,
1022 1062 1052 1085 et
1073 1064 1227 1095 pauperes
1238 1055 1416 1094 patientiae
1431 1063 1519 1084 coro-

456 1111 530 1131 nam
543 1101 660 1131 habent
670 1100 697 1136 *‚
714 1101 832 1141 absque
844 1099 953 1140 iniqua
965 1098 1186 1139 inaequalitate
1199 1108 1304 1128 rerum
1318 1097 1517 1128 exteriorum.

512 1145 548 1175 ΙΙ.
570 1145 605 1175 In
624 1145 739 1175 eodem
758 1144 901 1180 articulo,
921 1143 954 1174 in
979 1142 1188 1183 responsione
1211 1143 1250 1172 ad
1273 1142 1424 1182 primurn,
1445 1148 1519 1172 nota
1545 1151 1547 1165 ⁴

1546 1187 1547 1204 ³
1572 1184 1744 1214 veniuntur
1766 1184 1846 1214 duo:
1877 1183 1999 1223 primo,
2024 1184 2113 1224 quod
2137 1183 2258 1223 aliquid
2281 1182 2320 1213 sit
2343 1182 2438 1213 unius
2462 1187 2494 1212 et
2512 1180 2636 1223 aliquid

1545 1225 1547 1252 l
1572 1228 1714 1263 alterius;
1746 1228 1902 1265 secundo,
1926 1227 2016 1268 quod
2043 1227 2095 1258 hic
2125 1236 2197 1267 ager
2227 1226 2266 1257 sit
2293 1226 2383 1257 istius
2407 1232 2438 1256 et
2463 1224 2517 1257 ille
2535 1225 2635 1257 illius.

1546 1291 1547 1295 ,
1573 1272 1690 1308 Quoad
1713 1271 1863 1311 primum,
1887 1271 2062 1311 proprietas
2085 1280 2191 1301 rerum
2214 1277 2260 1301 est
2279 1280 2296 1300 a
2315 1270 2383 1300 iure
2406 1269 2566 1310 gentium:
2591 1268 2636 1299 di*

1573 1321 1635 1345 ctat
1655 1315 1740 1345 enim
1763 1314 1825 1345 hoc
1849 1314 1939 1349 ratio,
1956 1321 1992 1344 ut
2013 1314 2046 1343 in
2062 1314 2164 1344 littera
2177 1314 2196 1333 *
2218 1313 2434 1354 multipliciter
2449 1313 2636 1345 ostenditur.
2663 1319 2674 1330 ’

456 1189 546 1229 quod
576 1189 840 1219 communitatem
869 1197 976 1218 rerum
1004 1197 1071 1217 esse
1095 1187 1133 1216 de
1162 1186 1229 1216 iure
1260 1193 1389 1216 naturae
1412 1186 1520 1226 quoad

457 1232 585 1263 usum*
587 1240 716 1272 ,potest
733 1232 899 1272 dupliciter
913 1230 1058 1270 intelligi.
1084 1230 1201 1260 scilicet
1221 1229 1364 1269 positive,
1382 1235 1413 1260 et
1428 1239 1520 1268 nega-

456 1276 528 1307 tive.
552 1276 594 1306 Et
616 1276 641 1306 si
664 1276 855 1316 intelligatur
878 1275 1023 1315 positive,
1048 1280 1094 1304 est
1117 1283 1227 1303 sensus
1247 1273 1335 1313 quod
1357 1273 1407 1302 ius
1430 1280 1520 1303 natu-

456 1320 520 1350 rale
543 1320 639 1350 dictat
654 1320 741 1360 quod
758 1319 867 1349 omnia
887 1319 949 1349 sint
965 1317 1160 1348 communia.
1185 1316 1217 1347 Si
1232 1326 1307 1346 vero
1330 1315 1521 1355 intelligatur

456 1364 609 1414 negative,
635 1370 682 1393 est
704 1373 815 1393 sensus
837 1362 926 1402 quod
958 1362 1008 1391 ius
1031 1361 1173 1391 naturale
1196 1369 1263 1390 non
1290 1359 1425 1390 instituit
1447 1369 1520 1399 pro-

457 1408 602 1457 prietates
625 1417 741 1437 rerum.
771 1407 812 1436 Et
835 1406 867 1435 in
892 1413 1029 1445 utroque
1053 1414 1147 1434 sensu
1167 1403 1344 1444 propositio
1369 1410 1415 1434 est
1437 1413 1520 1439 vera,

457 1452 482 1481 si
506 1461 580 1481 sane
598 1451 800 1489 intelligatur.
826 1450 860 1479 In
884 1449 989 1489 primo
1004 1449 1146 1490 quidem,
1170 1447 1286 1478 scilicet
1309 1447 1453 1487 positive,
1469 1457 1520 1477 ve-

456 1494 593 1525 rificatur
608 1494 640 1524 in
656 1504 740 1530 casu,
758 1493 875 1524 scilicet
891 1500 1046 1524 extremae
1062 1491 1269 1522 necessitatis:
1288 1491 1417 1533 quando
1435 1491 1520 1522 enim

1568 439 1682 479 aliquis
1705 446 1752 469 est
1774 439 1806 470 in
1826 446 1963 470 extrema
1987 438 2179 473 necessitate,
2205 443 2309 477 potest
2333 437 2557 477 undecumque
2572 437 2630 468 sibi

1569 482 1704 514 occurrit
1727 482 1785 513 sibi
1808 483 1858 513 vel
1887 483 1974 513 alteri
1997 481 2185 512 huiusmodi
2215 480 2396 517 subvenire;
2426 490 2485 511 nec
2507 487 2631 512 tenetur

1569 527 1608 556 ad
1631 526 1873 562 restitutionem,
1898 526 1973 567 quia
1996 536 2053 556 sua
2077 532 2152 556 tuuc
2175 532 2304 556 naturae
2326 524 2394 555 iure
2418 534 2450 555 re
2473 534 2550 555 usus
2574 532 2630 556 est.

1569 571 1603 600 In
1620 571 1760 600 secundo
1776 580 1862 607 vero,
1880 570 1996 600 scilicet
2012 570 2163 609 negative,
2176 568 2352 599 verificatur
2367 568 2524 599 absolute:
2544 578 2629 605 nam,

1570 621 1653 645 extra
1677 623 1766 644 casus
1790 614 1964 654 loquendo,
1989 613 2038 644 ius
2061 610 2190 644 naturae
2214 623 2280 643 non
2304 612 2411 644 statuit
2435 611 2544 642 omnia
2565 622 2631 643 esse

1569 657 1753 688 communia
1784 656 1834 699 (ut
1856 664 1942 698 patet
1973 667 2008 687 ex
2032 667 2070 688 eo
2095 657 2182 698 quod
2215 666 2281 687 non
2313 656 2419 686 liceret
2451 655 2632 695 regulariter

1568 702 1682 732 habere
1698 699 1894 743 proprium)·
1888 725 1895 737 ,
1920 701 1975 731 sed
1998 711 2063 732 non
2087 701 2160 732 fecit
2176 700 2295 741 aliquid
2311 710 2377 731 esse
2393 699 2561 740 proprium
2576 700 2631 730 ali-

1571 746 1622 776 cui
1645 752 1675 775 et
1695 745 1780 774 aliud
1804 745 1901 775 alteri.
1926 745 1966 774 Et
1987 745 2142 785 quoniam
2162 748 2269 775 'sermo
2285 744 2406 775 litterae
2422 750 2468 774 est
2489 744 2527 773 de
2544 754 2632 774 com-

1569 834 1670 865 littera
1692 839 1823 872 negatur
1838 841 1948 862 sensus
1972 830 2186 867 affirmativus,
2207 839 2237 863 et
2260 831 2443 862 conceditur
2458 832 2632 871 negativus.

1626 877 1679 908 111.
1700 877 1735 906 In
1751 877 1865 906 eodem
1881 875 2024 911 articulo,
2041 876 2136 906 etiam
2152 876 2185 906 in
2201 876 2407 916 responsione
2422 875 2462 905 ad
2481 875 2632 915 primum,

1571 922 1706 952 dubium
1730 920 1866 951 occurrit
1881 919 1920 949 ad
1944 919 2118 950 hominem.
2144 919 2227 956 Quia
2250 919 2283 949 in
2299 919 2400 950 littera
2416 916 2529 950 dicitur
2544 919 2634 960 quod

1571 965 1746 1006 proprietas
1774 963 2015 1004 possessionum
2046 970 2092 993 est
2122 963 2160 992 ab
2190 963 2333 993 humano
2364 963 2522 999 condicto,
2549 963 2634 1003 quod

1544 1009 1546 1039 ἔ
1566 1010 1708 1049 pertinet
1730 1008 1773 1038 ad
1796 1009 1846 1038 ius
1862 1009 2057 1048 positivum:
2080 1013 2111 1037 et
2133 1014 2239 1037 tamen
2264 1006 2409 1046 superius
2431 1007 2465 1037 in
2487 1016 2542 1047 qu.
2559 1017 2632 1043 Lvn,

1572 1060 1627 1083 art.
1653 1054 1680 1089 3,
1706 1052 1825 1083 dictum
1849 1059 1895 1082 est
1917 1052 2006 1092 quod
2036 1051 2222 1082 huiusmodi
2254 1050 2430 1090 proprietas
2454 1057 2572 1090 spectat
2595 1051 2635 1080 ad

1572 1097 1621 1127 ius
1645 1096 1797 1136 gentium,
1815 1096 1903 1136 quod
1924 1095 2073 1136 distingui
2097 1101 2221 1125 constat
2244 1100 2353 1125 contra
2375 1094 2425 1124 ius
2447 1093 2633 1134 positivum.

1627 1141 1678 1172 Ad
1707 1140 1768 1170 hoc
1793 1140 1905 1171 dicitur
1928 1140 2018 1179 quod
2047 1139 2081 1169 in
2104 1139 2296 1179 proprietate
2325 1136 2636 1179 possessionumvin-

1573 1359 1690 1396 Quoad
1713 1359 1899 1393 secundum,
1924 1365 1970 1388 est
1990 1367 2009 1387 a
2023 1357 2091 1387 iure
2110 1358 2263 1397 positivo:
2287 1358 2443 1398 quoniam
2465 1364 2637 1398 antequam

1573 1403 1612 1433 sit
1634 1403 1696 1433 hoc
1719 1402 1960 1442 appropriatum
1989 1401 2065 1432 huic
2088 1409 2118 1431 et
2141 1401 2221 1432 illud
2243 1401 2350 1438 alteri,
2372 1401 2452 1432 nihil
2474 1401 2576 1433 differt
2597 1410 2638 1433 an

1573 1446 1767 1477 contrarium
1790 1445 1858 1483 fiat;
1883 1445 2050 1476 definitum
2074 1452 2120 1476 est
2134 1445 2152 1464 *
2175 1445 2261 1476 enim
2281 1445 2370 1486 quod
2392 1445 2443 1476 ius
2462 1445 2638 1486 positivum

1574 1497 1621 1521 est
1642 1491 1727 1531 quod
1749 1500 1769 1520 a
1786 1491 1948 1530 principm
1973 1490 2052 1520 nihil
2074 1488 2194 1530 differt,
2221 1499 2257 1520 ex
2281 1489 2309 1519 V
2331 1489 2436 1520 Ethic.

1261 1643 1579 1686 ARTICULUS
1607 1643 1836 1686 TERTIUS

796 1738 951 1769 UTRUM
975 1737 1042 1768 SIT
1066 1737 1122 1767 DE
1146 1736 1342 1767 RATIONE
1365 1735 1497 1767 FURTI
1522 1735 1730 1766 oecuLTE
1755 1733 1968 1765 Acc11³ERE
1993 1734 2083 1765 REM
2107 1718 2301 1764 ALIENAM

490 1843 556 1911 ‘’qt''
574 1848 615 1873 tls
640 1851 645 1861 a

484 1887 575 1940 ’J
602 1880 645 1927 ”j
669 1892 748 1916 non
767 1879 814 1916 sit
834 1879 880 1915 de
910 1878 1055 1915 ratione
1075 1877 1162 1914 furti
1181 1877 1328 1913 occulte
1349 1876 1521 1929 accipese

475 1934 523 1981 25,
629 1944 750 1973 rem
775 1932 949 1968 alienam.
981 1931 1078 1967 Illud
1098 1930 1199 1966 enim
1220 1929 1326 1988 quod
1347 1929 1523 1966 diminuit

477 1980 490 1990 ”
512 2001 525 2018 s
627 1978 867 2033 &peccatum
885 1996 963 2020 non
982 1983 1136 2020 videtur
1154 1982 1203 2019 ad
1228 1982 1414 2019 rationem
1433 1994 1521 2041 pec-

456 2038 526 2074 cati
554 2037 753 2085 pertinere.
795 2037 873 2074 Sed
910 2036 948 2073 in
977 2036 1126 2073 occulto
1164 2047 1325 2084 peccare
1362 2035 1524 2084 pertinet

455 2091 504 2127 ad
542 2089 831 2127 diminutionem
869 2089 1037 2138 peccati:
1075 2089 1170 2125 sicut
1202 2100 1223 2125 e
1252 2087 1440 2125 contrario
1474 2088 1522 2124 ad

457 2143 762 2190 exaggerandum
791 2150 992 2191 peccatum
1021 2142 1263 2191 quorundam
1285 2141 1420 2178 dicitur
1448 2142 1523 2178 Isa-

455 2195 514 2232 iae
534 2207 570 2232 111
589 2195 624 2232 *z
653 2197 851 2232 Peccatum
871 2208 981 2232 suum
1005 2195 1115 2243 quasi
1140 2195 1304 2232 Sodoma
1322 2194 1523 2242 praedica-

455 2254 602 2294 verunt,
632 2261 699 2285 nec
733 2249 1018 2285 absconderunt.
1055 2248 1157 2295 Ergo
1187 2260 1267 2285 non
1302 2255 1358 2284 est
1386 2248 1432 2284 de
1465 2259 1523 2284 ra-

455 2301 558 2338 tione
587 2301 673 2338 furti
701 2302 849 2338 occulta
877 2301 1047 2350 acceptio
1078 2300 1130 2337 rei
1159 2300 1316 2337 alienae.

512 2365 547 2390 2.
569 2354 807 2401 PRAETEREA,
826 2354 1056 2391 Ambrosius
1085 2353 1174 2390 dicit
1192 2353 1224 2400 ²¹⁸,
1245 2361 1281 2390 et
1303 2353 1466 2390 habetur
1484 2352 1524 2389 in

457 2406 640 2453 Decretis,
662 2406 744 2444 dist.
766 2407 906 2443 XLVII
926 2406 964 2443 *ε
993 2407 1130 2454 Neque
1149 2411 1166 2427 ‘²
1186 2406 1309 2442 minus
1328 2411 1383 2442 est
1398 2406 1524 2442 crimi-

458 2459 514 2496 nis
541 2460 693 2496 habenti
709 2459 837 2496 tollere
863 2471 990 2507 quam,
1012 2471 1098 2495 cum
1120 2460 1244 2506 possis
1271 2464 1307 2494 et
1331 2459 1523 2504 abundas,

458 2512 707 2561 indigentibus
735 2513 936 2561 denegare.
975 2513 1077 2559 Ergo
1107 2511 1202 2548 sicut
1229 2512 1371 2548 furtum
1401 2511 1523 2547 consi-

459 2564 519 2601 stit
545 2564 584 2601 in
612 2565 834 2613 acceptione
855 2565 905 2601 rei
935 2564 1092 2611 alienae,
1113 2564 1163 2601 ita
1184 2572 1220 2600 et
1247 2564 1286 2600 in
1306 2563 1524 2601 detentione

458 2617 588 2665 ipsius.

514 2670 549 2706 3.
571 2671 805 2717 PRAETEREA,
825 2670 945 2706 homo
964 2677 1091 2718 potest
1117 2669 1245 2707 furtim
1265 2669 1314 2706 ab
1334 2669 1407 2706 alio
1428 2668 1523 2706 acci-

458 2735 550 2771 pere
571 2722 685 2760 etiam
706 2722 812 2770 quod
831 2735 943 2759 suum
965 2730 1042 2759 est:
1071 2730 1163 2771 puta
1182 2734 1263 2759 rem
1284 2734 1400 2770 quam
1420 2721 1523 2770 apud

459 2776 575 2812 aliurn
595 2775 783 2823 deposuit,
803 2776 866 2812 vel
885 2787 984 2824 quae
1005 2783 1060 2812 est
1079 2776 1126 2812 ab
1157 2787 1203 2811 eo
1223 2774 1356 2812 iniuste
1385 2775 1522 2811 ablata.

460 2829 552 2866 Non
581 2835 637 2865 est
664 2840 754 2876 ergo
784 2828 831 2865 de
867 2828 1012 2865 ratione
1040 2828 1127 2865 furti
1164 2827 1269 2876 quod
1297 2827 1343 2865 sit
1376 2828 1524 2864 occulta

460 2881 631 2929 acceptio
661 2881 715 2917 rei
743 2881 901 2918 alienae.

515 2935 589 2971 SED
618 2945 765 2971 CONTRA
793 2946 859 2971 EST
888 2934 992 2982 quod
1030 2933 1196 2970 Isidorus
1225 2933 1331 2980 dicit,
1360 2932 1400 2970 in
1427 2932 1523 2970 libro

459 2987 626 3035 Εζγηιοί.
647 2986 684 3023 *ε
712 2988 795 3023 Fur
821 2999 845 3023 α
867 2988 986 3034 furvo
1005 2987 1123 3023 dictus
1150 2992 1213 3032 est,
1238 2987 1371 3023 idesta
1387 2987 1524 3034 fusco.-

461 3051 550 3076 nam
580 3039 697 3075 noctis
725 3040 839 3076 utitur
866 3045 1042 3087 tempore.

515 3093 742 3128 REsronmzo
778 3103 963 3129 DICENDUM
991 3092 1096 3140 quod
1134 3091 1182 3129 ad
1218 3091 1405 3129 rationem
1438 3091 1524 3128 furti

461 3145 530 3182 tria
559 3151 800 3182 concurrunt.
831 3145 1006 3191 Quorum
1038 3144 1206 3192 primum
1243 3144 1423 3181 convenit
1453 3143 1524 3180 sibi

462 3197 674 3235 secundum
703 3197 810 3245 quod
839 3197 1086 3234 contrariatur
1113 3196 1284 3243 iustitiae,
1314 3208 1412 3245 quae
1440 3196 1522 3233 uni-

463 3251 600 3299 cuique
629 3250 756 3288 tribuit
783 3250 888 3298 quod
918 3262 1030 3286 suum
1061 3257 1126 3286 est.
1167 3250 1215 3286 Et
1245 3261 1289 3286 ex
1317 3250 1392 3286 hoc
1419 3261 1524 3286 corn-

462 3303 554 3352 petit
574 3303 607 3339 ei
626 3304 732 3351 quod
751 3311 909 3351 usurpat
932 3303 1111 3339 alienum.
1132 3323 1156 3330 -
1178 3302 1400 3339 Secundum
1428 3313 1522 3338 vero

463 3356 622 3405 pertinet
657 3357 706 3394 ad
741 3357 927 3393 rationem
960 3355 1047 3392 furti
1083 3363 1198 3404 prout
1231 3354 1468 3403 distinguitur
1502 3367 1524 3392 a

517 3471 544 3503 α)
564 3471 663 3502 Neque.
680 3484 699 3490 -
717 3471 778 3496 Om.
798 3471 899 3495 codices
918 3476 943 3494 et
962 3470 1015 3499 Pa;
1034 3477 1082 3502 pro
1099 3469 1228 3498 abundas,
1247 3469 1388 3494 abundans
1407 3469 1444 3496 sis
1463 3469 1492 3492 P.

669 1839 692 1864 D
712 1837 873 1863 TERTmM
892 1837 946 1862 s1c
970 1835 1212 1862 enocemrun.
1233 1823 1393 1860 Videtur
1418 1823 1522 1871 quod
1546 1821 1549 1834 ¹

1547 1868 1549 1881 ⁵
1573 1874 1782 1911 homicidio
1811 1882 1848 1910 et
1874 1874 2073 1911 adulterio.
2112 1875 2162 1910 Et
2189 1873 2402 1911 secundum
2429 1874 2506 1911 hoc
2533 1886 2639 1912 com-

1552 3468 1555 3494 Ι

1573 1821 1738 1870 peccatis
1776 1833 1874 1870 quae
1911 1829 1999 1858 sunt
2035 1829 2167 1858 contra
2202 1833 2431 1870 personam,
2461 1821 2558 1859 sicut
2590 1822 2639 1859 ab

1573 1927 1666 1977 petit
1684 1927 1784 1964 furto
1803 1927 1909 1975 quod
1938 1927 1984 1963 sit
2003 1927 2101 1964 circa
2129 1938 2210 1963 rem
2229 1938 2461 1975 possessam.
2491 1927 2532 1964 Si
2555 1927 2640 1976 quis

1575 1980 1677 2018 enirn
1697 1979 1856 2028 accipiat
1874 1979 1913 2017 id
1941 1981 2045 2028 quod
2075 1987 2131 2016 est
2150 1979 2302 2016 alterius
2325 1991 2406 2017 non
2425 1979 2533 2029 quasi
2551 1991 2640 2029 pos·
2719 1995 2721 1998 ·

1574 2033 1705 2080 sessio,
1723 2034 1791 2070 sed
1811 2032 1919 2081 quasi
1938 2044 2039 2081 pars,
2055 2032 2149 2069 sicut
2168 2031 2199 2069 si
2214 2040 2387 2082 amputet
2399 2033 2639 2079 membrum}

2663 1444 2676 1455 ⁸
2687 1443 2734 1468 cit.
2751 1449 2791 1472 qu.
2815 1448 2860 1465 un

2664 1473 2707 1493 nrt.
2722 1476 2746 1498 a,
2760 1469 2788 1492 nd
2803 1475 2824 1492 2.

1573 2087 1638 2124 vel
1665 2086 1760 2123 sicut
1788 2097 1954 2134 persona
1983 2085 2198 2132 coniuncta,
2227 2093 2270 2122 ut
2297 2085 2328 2122 si
2347 2086 2494 2123 auferat
2520 2085 2640 2124 filim
2663 2080 2666 2085 ¹

1574 2140 1637 2176 vel
1665 2151 1847 2176 uxorem:
1877 2151 1956 2176 non
1974 2139 2091 2175 habet
2117 2139 2271 2187 proprie
2291 2138 2479 2176 rationem
2498 2137 2640 2177 furti.»

1575 2192 1704 2230 Tertia
1724 2191 1936 2229 differentia
1956 2199 2012 2229 est
2030 2203 2129 2240 quae
2150 2191 2318 2241 complet
2335 2191 2422 2229 furti
2441 2191 2640 2240 rationem,

1574 2253 1616 2282 ut
1644 2244 1784 2282 scilicet
1811 2245 1958 2281 occulte
1986 2251 2191 2293 usurpetur
2217 2244 2397 2282 alienum.
2430 2245 2481 2282 Et
2507 2256 2643 2282 semun-

1576 2299 1669 2336 dum
1707 2298 1782 2334 hoc
1815 2297 1971 2358 propria
2008 2298 2101 2334 ratio
2130 2296 2218 2334 furti
2255 2304 2311 2335 est
2346 2305 2388 2334 ut
2414 2297 2462 2334 sit
2497 2297 2642 2336 occulta

1575 2351 1740 2399 acceptio
1767 2351 1826 2387 rei
1850 2350 2007 2387 alienae.
2212 2371 2217 2373 -

1628 2406 1687 2440 Ar>
1702 2415 1840 2440 ramum
1855 2415 1954 2440 ERGO
1974 2415 2160 2440 mcennum
2175 2402 2282 2452 quod
2300 2401 2503 2439 occultatio
2523 2380 2642 2463 quan·-

1577 2457 1704 2504 doque
1732 2456 1889 2505 quidem
1919 2463 1974 2492 est
1994 2468 2108 2492 causa
2125 2455 2292 2504 peccati:
2322 2463 2414 2504 puta
2440 2467 2528 2492 cum
2553 2455 2642 2505 quis

1574 2510 1690 2546 utitur
1726 2508 1977 2545 occultatione
2006 2508 2054 2545 ad
2089 2507 2352 2556 peccandum,
2381 2507 2477 2544 sieut
2507 2508 2642 2546 accidit

1574 2562 1614 2599 in
1633 2561 1765 2598 fraude
1785 2569 1822 2598 et
1841 2561 1945 2599 dolo.
1971 2561 2019 2598 Et
2037 2561 2112 2598 hoc
2131 2561 2252 2598 modo
2272 2572 2352 2597 non
2371 2560 2557 2608 diminuit,
2573 2562 2641 2599 sed

1576 2613 1767 2652 constituit
1794 2613 1963 2663 speciem
1990 2614 2149 2663 peccati.
2179 2614 2228 2650 Et
2255 2612 2306 2650 ita
2333 2621 2390 2650 est
2416 2613 2455 2650 in
2483 2614 2595 2652 furto.
2614 2634 2640 2645 ο

1575 2667 1662 2705 ΑΙίο
1690 2666 1809 2704 modo
1842 2666 2042 2704 occultatio
2082 2675 2137 2704 est
2164 2666 2324 2715 simplex
2362 2666 2642 2705 circumstantia

1575 2720 1732 2770 peccati.
1763 2720 1812 2756 Et
1839 2720 1892 2756 sic
1920 2719 2096 2757 diminuit
2113 2727 2335 2768 peccatum:
2364 2726 2446 2756 tum
2475 2719 2567 2768 quia
2582 2727 2643 2758 est

1576 2774 1726 2822 signum
1753 2772 2029 2818 verecundiae;
2058 2780 2139 2809 turn
2167 2772 2258 2820 quia
2282 2771 2378 2808 tollit
2405 2772 2639 2811 scandalum.

1629 2828 1687 2863 An
1716 2837 1906 2863 SECUNDUM
1934 2837 2119 2863 memnon
2147 2825 2253 2873 quod
2282 2824 2450 2862 detinere
2468 2825 2508 2862 id
2535 2826 2641 2874 quod

1576 2879 1682 2917 alteri
1710 2879 1870 2916 debetur
1889 2878 2051 2916 eandem
2071 2878 2259 2915 rationem
2279 2878 2502 2928 nocumenti
2525 2878 2643 2916 habet

1577 2944 1666 2970 cum
1686 2931 1906 2980 acceptione
1925 2929 1952 2968 β.
1982 2932 2031 2968 Et
2057 2931 2145 2968 ideo
2164 2931 2235 2968 sub
2263 2930 2402 2968 iniusta
2420 2931 2641 2980 acceptione

1575 2985 1791 3033 intelligitur
1818 2984 1932 3021 etiam
1961 2984 2100 3021 iniusta
2127 2983 2306 3022 detentio.

1629 3040 1688 3075 An
1724 3049 1884 3075 mnrium
1921 3049 2105 3074 monimum
2140 3036 2246 3086 quod
2273 3036 2365 3073 nihil
2393 3036 2570 3085 prohibet
2601 3036 2641 3075 id

1577 3091 1683 3140 quod
1711 3098 1767 3127 est
1794 3090 2012 3139 simpliciter
2038 3089 2166 3138 unius,
2196 3089 2408 3126 secundum
2437 3089 2530 3139 quid
2557 3100 2640 3127 esse

1578 3143 1740 3180 alterius.
1772 3143 1877 3180 Sicut
1895 3155 1955 3180 res
1979 3142 2153 3191 deposita
2173 3150 2229 3179 est
2247 3141 2466 3191 simpliciter
2483 3142 2640 3192 quidem

1579 3196 1823 3244 deponentis,
1854 3195 1922 3232 sed
1950 3203 2006 3232 est
2043 3195 2123 3232 eius
2151 3196 2255 3244 apud
2293 3207 2410 3244 quem
2439 3194 2641 3244 deponitur

1578 3255 1762 3296 quantum
1790 3248 1838 3285 ad
1868 3247 2092 3285 custodiam.
2128 3249 2177 3285 Et
2205 3248 2243 3286 id
2271 3247 2377 3297 quod
2405 3255 2460 3284 est
2486 3259 2556 3297 per
2583 3259 2641 3286 ra-

1578 3301 1708 3350 pinam
1729 3302 1899 3338 ablatum
1924 3309 1978 3338 est
2007 3301 2196 3350 rapientis,
2217 3313 2295 3338 non
2323 3299 2551 3349 simpliciter,
2572 3301 2640 3359 sed

1579 3362 1765 3403 quantum
1794 3354 1843 3391 ad
1872 3354 2142 3391 detentionem.

1634 3468 1659 3500 β)
1679 3468 1838 3500 acceptione.
1850 3482 1869 3487 -
1888 3469 1987 3493 iniusta
2007 3469 2103 3493 addunt
2121 3468 2167 3493 Pa.
