2860 4244
0 428 10 532 ἑ

212 1450 274 1475 115>

215 1481 268 1496 ζέω(

278 843 287 852 .
336 821 353 834 „
368 821 465 859 &¹2²3ss

250 1441 292 1448 a
300 1409 508 1457 &queso
485 1404 775 1448 observationes
803 1411 1063 1452 humanorum
1091 1418 1257 1448 actuum.

1649 206 1653 232 l

1590 262 1641 292 Ns

992 339 1259 387 QUAESTIO
1286 342 1412 389 xcn,
1442 340 1737 379 ART1CULUS
1766 343 1799 379 11
2407 356 2482 392 299

1074 468 1391 511 ARTICULUS
1422 469 1720 512 SECUNDUS

855 558 1012 612 tri-num
1033 568 1131 603 SINT
1154 569 1364 602 DtVERsAE
1388 570 1740 603 SUPERsrirtoms
1764 571 1933 605 SPECIES

382 687 407 703 ι
434 698 483 729 -12
496 693 501 704 s
524 684 546 708 D
562 682 751 708 SECUNDUM
765 682 820 708 εις
834 681 1073 708 pnoeznrrun
1090 671 1249 709 Videtur
1266 672 1371 721 quod
1395 676 1397 714 l
1423 667 1635 705 verentiam
1660 670 1745 705 Deo
1774 669 2039 706 exhibendam.
2070 670 2118 706 Et
2146 670 2358 707 secundum
2391 671 2485 716 hoc,

452 722 500 816 ᾆξ’
524 735 602 761 non
630 724 702 760 sint
730 723 902 760 diversae
922 724 1194 772 superstitionis
1214 725 1370 774 species
1424 720 1546 769 prima
1574 721 1718 767 species
1746 722 1857 758 huius
1885 723 2032 769 generis
2062 731 2117 759 est
2145 723 2367 768 idololatria,
2388 735 2486 772 quae

332 732 385 821 ’,ρ
380 802 401 821 ,
416 792 450 817 r,
472 774 626 823 (Quia
653 775 864 813 secundum
890 776 1178 837 Philosophum,
1202 777 1241 815 in
1262 779 1276 824 Ι
1300 776 1371 815 To·
1396 772 1592 809 divinam
1612 774 1863 812 reverentiam
1883 775 2048 812 indebite
2069 776 2219 812 exhibet
2239 783 2444 813 creaturae.
2462 797 2485 803 -

482 821 512 862 K
534 830 593 867 ic
611 829 644 875 ἓ,
664 829 698 865 si
715 841 832 866 unum
852 830 1105 878 oppositorum
1125 830 1260 868 dicitur
1277 831 1371 868 mul-
1397 845 1398 876 3
1427 825 1618 872 Secundo,
1649 826 1842 864 ordinatur
1870 828 1918 865 ad
1945 829 2020 865 hoc
2048 829 2152 878 quod
2180 829 2300 865 homo
2329 829 2486 866 instrua-

310 860 493 931 tipliciter,
520 887 557 920 et
581 881 779 930 reliquum.
810 882 887 919 Sed
916 881 1058 931 religio,
1078 883 1139 920 cui
1159 883 1372 932 superstitio
1397 878 1399 933 ξ
1425 885 1484 915 tur
1512 890 1534 914 a
1561 879 1668 925 Deo,
1699 892 1814 927 quem
1844 881 1942 918 colit
1981 881 2030 918 Et
2058 882 2106 918 ad
2134 882 2210 918 hoc
2236 881 2398 930 pertinet
2426 894 2486 919 su-

312 933 530 995 opponitur,
547 946 628 971 non
646 935 763 971 habet
782 935 952 972 diversas
970 936 1129 984 species,
1149 938 1217 973 sed
1237 941 1399 978 ornnes
1426 930 1595 978 perstitio
1624 932 1839 978 divinativa,
1869 946 1967 993 qua-e
1996 935 2205 972 daemones
2233 935 2392 972 consulit
2419 948 2488 984 per

313 986 392 1023 eius
424 994 530 1024 actus
564 987 613 1024 ad
649 999 769 1024 unam
803 988 971 1037 speciem
1007 989 1229 1025 referunmrg
1270 989 1372 1036 Ergo
1398 982 1400 1035 ξ’
1426 982 1552 1030 aliqua
1580 992 1690 1031 pacta
1718 997 1806 1021 curn
1828 985 1882 1022 eis
1900 986 2001 1033 inita,
2022 987 2134 1023 tacita
2160 989 2222 1024 vel
2248 1000 2436 1036 expressa.
2462 1009 2487 1017 -

311 1050 383 1077 nec
401 1039 625 1088 superstitio
652 1041 769 1078 habet
797 1041 966 1078 diversas
994 1041 1150 1101 species.
1398 1036 1571 1082 Tertio,
1602 1037 1796 1075 ordinatur
1816 1038 1967 1075 divinus
1987 1041 2108 1076 cultus
2132 1040 2180 1077 ad
2209 1040 2404 1099 quandam
2435 1041 2487 1078 di-

366 1104 402 1130 2.
431 1093 672 1141 ΡΒΑΕΤΕΚΕΑ,
702 1095 879 1143 opposita
906 1100 994 1133 sunt
1014 1094 1120 1131 eirca
1147 1092 1262 1134 idem,
1294 1092 1400 1133 Sed
1427 1089 1636 1126 rectionem
1665 1090 1924 1127 humanorum
1954 1099 2106 1128 actuum
2145 1094 2355 1130 secundum
2385 1093 2485 1130 insti-

231 1165 262 1198 ,η’
274 1191 276 1195 ,
312 1145 454 1193 religio,
476 1146 536 1185 cui
555 1122 761 1205 oppoititur
779 1146 1007 1195 superstitio,
1027 1154 1083 1183 est
1110 1145 1209 1182 circa
1229 1157 1274 1182 ea
1293 1145 1373 1194 qui·
1399 1157 1400 1183 1
1427 1149 1506 1178 tuta
1534 1142 1619 1189 Dei,
1649 1143 1714 1191 qui
1743 1143 1886 1180 colitur.
1916 1145 1965 1180 Et
1993 1144 2041 1181 ad
2070 1145 2144 1181 hoc
2172 1146 2333 1194 pertinet
2360 1159 2488 1195 super·

264 1203 285 1223 '-
311 1198 384 1235 bus
413 1198 661 1236 ordinamur'
653 1208 692 1236 m
710 1200 855 1244 Deum,
871 1206 912 1235 ut
930 1211 1046 1247 supra
1063 1197 1084 1220 '²⁶
1111 1198 1286 1235 habiturn
1306 1206 1372 1235 est.

1399 1185 1400 1226 ff
1427 1195 1525 1232 stitio
1555 1196 1795 1255 quarundam
1824 1197 2138 1234 observationum.

313 1251 404 1288 Non
433 1263 523 1300 ergo
552 1250 698 1300 species
726 1250 1011 1300 superstitionis,
1042 1261 1140 1300 quae
1169 1249 1401 1300 opponitur¹
1481 1249 1530 1284 Et
1557 1249 1652 1285 haec
1680 1249 1749 1285 tria
1777 1249 1893 1297 tangit
1919 1250 2164 1297 Augustinus,
2194 1250 2230 1287 in
2260 1252 2291 1286 11
2312 1251 2357 1287 de
2375 1253 2486 1289 Doct.

310 1303 494 1355 religioni,
522 1311 648 1354 potest
667 1309 685 1325 ²
712 1304 853 1342 attendi
874 1304 1086 1342 secundum
1106 1304 1251 1353 aliquas
1281 1305 1373 1342 divi-
1399 1310 1401 1326 ¹
1433 1301 1566 1338 Christ.
1585 1301 1618 1349 *,
1649 1302 1778 1338 dicens
1805 1303 2097 1350 superstitiosum
2126 1314 2204 1339 esse
2231 1303 2410 1351 quidquid
2435 1305 2489 1341 in-
2516 1314 2527 1324 ⁸

310 1356 484 1407 nationes
519 1356 781 1401 humanorum
809 1365 1036 1405 eventuum,
1064 1359 1127 1396 vel
1160 1359 1373 1397 secundum
1399 1354 1401 1388 ἵ
1426 1353 1591 1391 stitutum
1619 1356 1668 1392 ab
1696 1355 1908 1392 hominibus
1926 1361 1981 1392 est
2005 1357 2056 1392 ad
2075 1356 2254 1403 facienda
2274 1361 2311 1392 et
2336 1357 2489 1394 colenda

1399 1430 1401 1457 Ι
1428 1407 1528 1444 idola
1549 1409 1763 1456 pertinens:
1794 1416 1830 1444 et
1853 1409 1928 1445 hoc
1947 1409 2108 1458 pertinet
2128 1408 2177 1446 ad
2196 1409 2364 1458 primum
2380 1415 2410 1446 η.
2441 1411 2489 1447 Et

367 1463 403 1499 3.
431 1463 675 1510 Pam-rem,
709 1463 848 1500 Coloss
870 1476 914 1510 ιι,
944 1476 1058 1512 super
1085 1464 1178 1500 illud
1195 1463 1235 1510 ²¹⁶,
1269 1464 1401 1506 Quae
1427 1467 1561 1508 postea
1595 1461 1743 1498 subdit:
1781 1461 1841 1498 vel
1872 1462 1923 1498 ad
1959 1462 2244 1499 consultationes
2278 1468 2314 1499 et
2342 1461 2488 1510 pacta⁰

309 1521 403 1553 sunt
422 1517 607 1553 rationem
635 1517 808 1553 habentia
827 1517 1031 1565 sapientiae
1049 1517 1086 1553 in
1105 1517 1401 1565 superstitione
1400 1514 1614 1561 quaedam
1633 1514 1950 1564 significationum
1974 1527 2060 1551 cum
2083 1515 2328 1552 daemonibus
2348 1516 2490 1564 placita

311 1567 401 1606 dicit
428 1568 568 1606 Glossa
585 1568 625 1606 *z
655 1569 757 1615 idest,
778 1570 815 1606 in
844 1570 1019 1606 simulata
1047 1569 1240 1619 religione.
1271 1570 1373 1618 Ergo
1399 1587 1401 1631 ἰ
1428 1572 1539 1614 atque
1563 1567 1776 1612 foederata:
1805 1568 1910 1615 quod
1938 1568 2099 1616 pertinet
2119 1568 2165 1605 ad
2187 1568 2410 1605 secundum.
2441 1570 2490 1606 Et

311 1621 426 1659 etiam
446 1621 636 1659 simulatio
667 1621 780 1659 debet
807 1622 899 1671 poni
921 1622 1067 1671 species
1087 1622 1401 1670 superstitionis

365 1675 440 1712 SED
476 1686 623 1713 CONTRA
650 1687 717 1712 as'r
749 1675 855 1724 quod
881 1675 1114 1723 Augustinus
1139 1673 1173 1722 β,
1203 1673 1241 1711 in
1270 1676 1301 1711 11
1330 1667 1401 1712 de

310 1728 418 1765 Doct.
445 1728 578 1779 Christ
597 1727 630 1775 ²,
660 1728 828 1765 diversas
856 1729 1000 1778 species
1025 1727 1298 1776 superstitionis
1318 1741 1375 1765 as-
1400 1765 1401 1774 ἵ

311 1779 444 1830 signat.

365 1834 592 1871 Responnno
605 1845 793 1877 monimum
812 1833 930 1882 quod,
946 1834 1042 1871 sicut
1061 1846 1176 1882 supra
1189 1833 1210 1854 ’¹‘
1229 1833 1372 1871 dictum

311 1893 379 1935 est,
398 1886 533 1924 vitium
554 1886 743 1934 religionis
757 1891 773 1915 Υ
794 1886 963 1924 consistit
981 1887 1019 1923 in
1042 1887 1116 1923 hoc
1144 1886 1249 1934 quod
1276 1894 1376 1924 tran·
1400 1912 1401 1928 r

311 1939 503 1977 scenditur
528 1939 676 1976 virtutis
704 1939 875 1976 medium
905 1940 1118 1977 secundum
1142 1940 1286 1989 aliquas
1307 1940 1374 1977 cir·
1400 1934 1401 1992 ζ

311 1992 568 2030 cumstantias.
596 1993 648 2030 Ut
675 2000 803 2029 autem
822 1990 836 2014 δ
865 2005 980 2042 supra
998 1992 1018 2014 ’¹‘
1046 1993 1187 2029 dictum
1209 2001 1275 2040 est,
1297 2005 1375 2030 non
1400 2001 1401 2046 ᾗ

311 2045 502 2096 quaelibet
530 2045 897 2083 circumstantiarum
925 2053 1188 2095 corruptarum
1218 2046 1373 2083 diversi·
1400 2064 1401 2099 i

310 2105 367 2136 tas
394 2097 514 2136 variat
546 2098 692 2148 peccati
729 2099 918 2148 speciem,
953 2098 1021 2136 sed
1053 2099 1179 2135 solum
1217 2099 1372 2148 quando
1400 2134 1401 2146 2

311 2151 523 2189 referuntur
549 2151 599 2188 ad
627 2151 778 2189 diversa
797 2151 945 2189 obiecta
963 2153 1027 2189 vel
1055 2151 1227 2189 diversos
1255 2152 1372 2189 fines:

309 2204 524 2242 secundum
552 2205 628 2241 hoc
656 2205 758 2242 enim
788 2206 951 2242 morales
971 2212 1077 2242 actus
1106 2204 1273 2254 speciem
1294 2218 1373 2243 sor-

309 2257 470 2305 tiuntur,
499 2264 540 2294 ut
569 2269 683 2306 supra
701 2257 722 2279 *
749 2258 923 2295 habitum
953 2265 1017 2295 est.
1057 2258 1344 2296 Diversificatur
1361 2264 1374 2280 ²

310 2322 400 2360 ergo
437 2310 712 2360 superstitionis
749 2311 915 2360 species,
952 2311 1078 2360 primo
1116 2311 1293 2360 quidem,
1329 2324 1401 2355 ex¹

308 2371 415 2413 parte
448 2363 599 2401 obiecti.
634 2364 765 2400 Potest
802 2363 904 2401 enim
941 2364 1092 2402 divinus
1124 2365 1244 2401 cultus
1272 2365 1373 2402 exhi-

309 2416 390 2454 beri
416 2417 479 2454 vel
507 2417 567 2453 cui
597 2416 862 2454 exhibendust
891 2424 958 2464 est,
989 2417 1128 2453 scilicet
1155 2418 1240 2454 Deo
1265 2429 1373 2465 vero,

309 2470 420 2507 modo
449 2475 572 2507 tamen
603 2469 785 2506 indebito.-
815 2477 852 2507 et
885 2471 980 2507 haec
1009 2477 1064 2506 est
1091 2470 1216 2519 prima
1244 2483 1373 2520 super-

309 2522 467 2560 stitionis
496 2523 653 2572 species.
683 2545 707 2551 -
735 2523 806 2559 Vel
827 2523 861 2560 ei
882 2525 942 2560 cui
962 2535 1040 2560 non
1059 2522 1174 2560 debet
1194 2523 1373 2571 exhiberi,

309 2574 449 2613 scilicet
469 2576 696 2625 cuicumque
717 2584 923 2613 creaturae.
954 2577 1002 2613 Et
1025 2577 1099 2612 hoc
1120 2584 1176 2613 est
1194 2576 1295 2613 aliud
1314 2588 1376 2613 su-

307 2628 536 2679 perstitionis
565 2641 705 2677 genus‚
735 2630 839 2677 quod
869 2629 907 2666 in
935 2630 1074 2666 multas
1103 2629 1249 2678 species
1278 2629 1375 2667 divi-

309 2681 419 2728 ditur,
440 2682 653 2719 secundum
682 2681 853 2719 diversos
872 2683 968 2719 fines
996 2682 1115 2719 divini
1135 2683 1266 2719 cultus.

364 2734 570 2772 Ordinatur
597 2734 720 2781 enim,
749 2735 887 2783 primo,
917 2735 1066 2773 divinus
1094 2736 1214 2772 cultus
1243 2735 1290 2772 ad
1319 2747 1375 2772 re-

365 2867 394 2900 α)
407 2870 505 2900 potest.
517 2880 536 2887 -
548 2871 664 2900 possunt
682 2867 712 2893 P.

365 2902 390 2936 β)
409 2902 615 2936 Augustinusm
633 2902 699 2928 dicit
716 2902 813 2927 addunt
831 2902 1025 2935 BFGHLpAD;
1049 2894 1097 2935 pro
1115 2902 1244 2936 assignat,
1265 2902 1310 2927 ubi
1328 2909 1371 2926 as-

310 2938 402 2972 signat
420 2943 480 2963 ante
497 2937 618 2963 diversas
635 2938 668 2962 G.

363 2974 391 3007 γ)
410 2973 588 3006 religionis.-
600 2972 798 3005 superstitionis
812 2973 871 2997 PsA
885 2977 910 2997 et
924 2980 949 2997 a.
963 2973 1050 2997 -Pro
1069 2973 1276 3002 transcenditur,
1296 2975 1372 2997 tran-

310 3008 414 3034 scendit
432 3007 545 3033 PCGsK.

363 3042 388 3077 ὃ)
407 3047 505 3069 autem.
518 3056 538 3062 -
556 3043 617 3068 Om.
636 3043 762 3071 peona,-
780 3050 828 3075 pro
846 3050 907 3072 non,
926 3043 987 3067 Non
1007 3042 1076 3067 enim
1096 3042 1142 3072 Pa,
1161 3042 1232 3067 Nam
1258 3042 1290 3073 G,
1309 3042 1370 3067 Non

310 3082 400 3105 autem
419 3079 463 3104 sC.

1428 1627 1516 1667 post
1534 1631 1656 1667 pauca
1680 1620 1825 1656 subdit:
1846 1621 1908 1657 Ad
1925 1622 1995 1657 hoc
2013 1632 2133 1669 genus
2155 1621 2346 1680 pertinent
2363 1634 2491 1658 omnes

1427 1671 1628 1722 ligaturae,
1650 1680 1718 1709 etc.
1754 1674 1896 1721 :quod
1924 1673 2085 1721 pertinet
2113 1674 2161 1710 ad
2189 1674 2351 1711 tertium.

1483 1728 1540 1762 AD
1570 1737 1706 1762 PRIMUM
1735 1737 1833 1762 ERGO
1863 1737 2046 1763 DtCENDUM
2077 1727 2192 1774 quod,
2223 1726 2318 1763 sicut
2345 1727 2490 1775 Diony-

1400 1785 1401 1806 ἲ
1429 1779 1506 1816 sius
1536 1778 1633 1824 dicit,
1664 1791 1699 1815 1v
1719 1791 1801 1827 cap.
1823 1779 1868 1814 de
1886 1780 1973 1815 Div.
1994 1779 2110 1815 Nom.
2131 1778 2161 1824 ²⁸,
2192 1780 2330 1816 bonum
2351 1781 2491 1816 contin-

1400 1837 1401 1883 }
1427 1832 1485 1882 git
1516 1843 1566 1868 ex
1598 1843 1674 1868 una
1708 1837 1742 1868 et
1773 1834 1922 1881 integra
1955 1844 2090 1868 causa.-
2119 1832 2261 1868 malum
2290 1838 2413 1869 autem
2442 1845 2492 1869 ex

1427 1885 1684 1935 singularibus
1711 1885 1922 1933 defectibus.
1953 1885 2001 1921 Et
2029 1885 2116 1922 ideo
2144 1885 2209 1921 uni
2228 1884 2356 1922 virtuti
2382 1887 2490 1934 plura

1428 1938 1519 1975 vitia
1549 1945 1812 1986 opponuntur,
1842 1945 1883 1974 ut
1912 1950 2026 1986 supra
2044 1937 2064 1959 ²³⁶
2091 1938 2263 1974 habiturn
2294 1946 2359 1975 est.
2397 1939 2491 1975 Ver-

1429 1992 1521 2036 bum
1551 1999 1678 2027 autem
1708 1990 1930 2039 Philosophi
1958 1991 2157 2028 veritatem
2177 1991 2292 2027 habet
2310 1991 2348 2028 in
2369 2004 2490 2040 oppo-

1429 2045 1504 2082 sitis
1534 2045 1571 2081 in
1597 2045 1735 2092 quibus
1765 2052 1820 2080 est
1848 2044 1982 2080 eadem
2009 2044 2102 2080 ratio
2123 2043 2443 2092 multiplicationis
2457 2045 2488 2082 ²¹⁶.

1481 2100 1539 2134 An
1555 2109 1745 2134 SECUNDUM
1765 2109 1948 2134 DICENDUM
1969 2097 2073 2145 quod
2094 2097 2348 2134 divinationes
2368 2106 2404 2134 et
2423 2099 2489 2134 ob-

1400 2187 1401 2192 ,
1428 2150 1662 2189 sex-vationes
1696 2150 1844 2198 aliquae
1880 2150 2068 2198 pertinent
2101 2151 2148 2187 ad
2184 2150 2489 2199 superstitionem

1428 2205 1651 2253 inquantum
1683 2203 1901 2251 dependent
1930 2215 1974 2239 ex
1999 2203 2185 2251 aliquibus
2206 2203 2490 2251 operationibus

1428 2258 1675 2295 daemonum.
1711 2257 1760 2292 Et
1788 2255 1840 2292 sic
1868 2256 2056 2304 pertinent
2084 2257 2132 2293 ad
2161 2256 2351 2304 quaedam
2381 2264 2490 2306 pacta

1429 2323 1518 2348 cum
1541 2310 1636 2370 ipsis
1664 2309 1765 2345 inita.

1481 2358 1555 2400 Ao
1558 2374 1718 2399 TERTmM
1738 2373 1921 2398 mer-upum
1950 2361 2055 2409 quod
2084 2361 2258 2398 simulata
2283 2361 2409 2409 religio
2438 2362 2490 2398 ibi

1429 2416 1563 2454 dicitur
1590 2415 1740 2464 quando
1766 2415 1956 2451 traditioni
1974 2416 2165 2451 humanae
2184 2426 2318 2451 nomen
2339 2415 2490 2464 religio-

1428 2470 1486 2507 nis
1512 2468 1743 2517 applicatur,
1773 2475 1887 2516 prout
1923 2468 1960 2503 in
1989 2468 2126 2504 Glossa
2160 2467 2339 2515 sequitur.
2378 2468 2489 2505 Unde

1427 2522 1497 2559 ista
1525 2522 1700 2558 simulata
1729 2521 1857 2568 religio
1887 2520 1977 2557 nihil
2007 2528 2063 2556 est
2090 2520 2191 2557 aliud
2225 2533 2341 2568 quam
2371 2522 2490 2558 cultus

1428 2576 1514 2612 Deo
1542 2586 1636 2611 vero
1666 2573 1851 2611 exhibitus
1880 2573 1999 2610 modo
2028 2573 2219 2610 indebitot'
2250 2573 2344 2610 sicut
2372 2574 2401 2610 si
2427 2574 2490 2610 ali-

1429 2628 1512 2678 quis
1539 2635 1715 2676 tempore
1745 2626 1882 2675 gratiae
1910 2627 2025 2663 vellet
2053 2627 2177 2663 colere
2202 2628 2327 2663 Deum
2357 2639 2490 2664 secun-

1430 2681 1522 2719 dum
1541 2680 1679 2717 veteris
1698 2680 1789 2728 legis
1809 2680 1934 2716 ritum.
1964 2680 2013 2716 Et
2041 2679 2088 2716 de
2118 2680 2191 2716 hoc
2210 2685 2226 2700 ²
2255 2680 2301 2716 ad
2330 2679 2489 2717 litteram

1428 2734 1595 2783 loquitur
1623 2734 1771 2771 Glossa.

1478 2867 1501 2899 ε)
1521 2865 1734 2898 Diversificatur.
1747 2878 1766 2885 -
1785 2864 2009 2897 Diversificantur
2028 2864 2117 2888 PCLa.

1477 2902 1503 2933 ζ)
1522 2900 1696 2925 exhibendus.
1710 2914 1728 2918 -
1747 2899 1926 2924 exhibendum
1946 2899 2120 2931 ABEFHIpK.

1477 2937 1504 2968 η)
1521 2936 1679 2967 primum.-
1691 2935 1810 2967 primam
1830 2935 1929 2960 ABFK.

1478 2970 1502 3003 Θ)
1522 2974 1548 2996 et
1564 2973 1654 3002 pacta.
1666 2984 1685 2988 -—
1704 2971 1744 2995 vel
1761 2970 1798 2994 ad
1812 2973 1896 3002 pacta
1914 2969 1990 2994 ABF.

1479 3007 1497 3039 ι)
1517 3009 1565 3031 etc.
1579 3019 1598 3024 -
1616 3008 1643 3030 et
1660 3008 1749 3030 cetera
1767 3005 1919 3030 huiusmodi
1938 3005 1977 3029 ed.
1996 3011 2021 3034 a,
2042 3008 2068 3029 et
2086 3004 2238 3030 huiusmodi
2256 3004 2283 3033 P,
2302 3013 2356 3030 om.
2375 3006 2408 3030 H.

1478 3042 1504 3074 x)
1524 3041 1583 3066 hoc.
1595 3055 1613 3059 —
1632 3040 1682 3065 hac
1701 3040 1751 3064 PE.

985 3156 1319 3190 Commentariis
1341 3155 1593 3189 Omfflnalis
1616 3154 1818 3187 Caietam

339 3256 360 3277 n
375 3244 569 3287 quaestionis
581 3244 961 3284 nonagesimaesecundae
973 3244 1110 3276 aru‘culis
1125 3245 1262 3280 duobus,
1276 3254 1370 3285 quae-
1394 3246 1396 3278 ἶ
1422 3254 1488 3275 uno
1508 3243 1674 3284 principali
1696 3243 1759 3274 fine
1782 3250 1857 3274 sunt
1879 3250 1909 3274 et
1932 3243 1984 3273 alii
1999 3242 2078 3274 fines
2094 3244 2279 3279 secundarii,
2304 3244 2358 3284 qui
2382 3244 2413 3273 in
2438 3244 2486 3275 lit-

315 3258 415 3321 Idam
431 3295 603 3320 occurrunt
624 3288 788 3319 scribenda
809 3289 983 3329 spectantia
998 3289 1172 3329 specialiter
1194 3289 1234 3319 ad
1257 3298 1368 3319 secun·
1395 3294 1397 3321 ¹.
1422 3295 1488 3319 tera
1511 3294 1728 3318 numerantur.

311 3335 390 3366 dum
405 3333 584 3365 articulum.
607 3332 648 3362 Et
670 3332 786 3372 primo,
809 3333 899 3374 quod
921 3333 1002 3364 duae
1025 3339 1191 3373 ponuntur
1212 3333 1246 3363 in
1267 3333 1369 3364 littera
1395 3326 1397 3335 λ
1478 3332 1611 3367 Deinde,
1628 3332 1718 3372 quod
1742 3331 2016 3372 quemadmodum
2035 3331 2068 3361 in
2089 3331 2196 3361 divino
2214 3331 2299 3361 cultu
2320 3331 2487 3361 inveniun-

311 3377 473 3420 specificae
496 3375 712 3408 distinctiones
735 3376 974 3418 superstitionis.
998 3377 1117 3414 Prima,
1142 3387 1238 3418 penes
1262 3376 1370 3407 distin·
1423 3383 1474 3407 tur
1495 3376 1553 3407 tria
1575 3385 1689 3416 genera
1719 3375 1918 3405 divinorum:
1951 3375 2074 3415 primo,
2100 3374 2264 3411 sacrificia,
2291 3375 2484 3412 oblationes,

311 3423 450 3454 ctionem
473 3421 687 3452 obiectorum:
712 3419 828 3452 scilicet
851 3420 1018 3458 Creatoris,
1039 3421 1090 3452 cui
1110 3401 1243 3452 'debetur
1266 3420 1370 3452 cultus
1423 3420 1572 3456 decimae,
1595 3426 1669 3450 vota
1694 3426 1724 3450 et
1747 3419 1941 3454 huiusmodi,
1966 3428 2048 3459 quae
2071 3418 2185 3449 directe
2209 3418 2240 3448 in
2264 3419 2322 3449 Dei
2347 3429 2486 3449 reveren-

309 3466 427 3503 latriae,
451 3465 580 3507 quando
602 3463 740 3495 indebite
759 3465 937 3501 exhibetur;
962 3471 993 3496 et
1015 3472 1183 3501 creaturae,
1200 3465 1251 3495 cui
1267 3465 1370 3496 cultus
1423 3464 1500 3495 tiam
1523 3463 1619 3499 fiunt3
1644 3464 1793 3500 secundo,
1819 3463 1988 3498 orationes,
2013 3462 2310 3502 contemplationes,
2335 3463 2485 3494 lectiones

310 3510 418 3542 latriae
433 3520 499 3541 non
516 3510 655 3541 debetur.
675 3527 696 3532 -
716 3509 870 3545 Secunda,
888 3518 985 3549 penes
1004 3509 1239 3540 distinctionem
1258 3508 1370 3539 finium
1396 3518 1398 3552 i
1424 3515 1454 3539 et
1476 3508 1672 3544 huiusmodi,
1697 3518 1778 3548 quae
1802 3508 1840 3537 ad
1864 3507 2103 3537 instructionem
2120 3513 2260 3537 nostram
2284 3507 2484 3543 ordinantur;

311 3553 408 3586 divini
432 3554 545 3586 cultus.
571 3554 668 3592 Quod
687 3563 753 3584 non
768 3559 814 3583 est
832 3554 876 3583 sic
894 3552 1134 3593 intelligendum
1158 3553 1248 3593 quasi
1267 3553 1371 3583 cultus
1397 3561 1398 3595 i
1423 3552 1534 3588 tertio,
1558 3559 1768 3587 sacramenta,
1796 3551 2046 3586 benedictiones,
2071 3550 2324 3587 sacramentalia,
2348 3551 2483 3587 ieiunia,

310 3598 436 3629 divinus
460 3597 572 3628 habeat
595 3598 700 3637 plures
724 3596 801 3627 fines
825 3596 1021 3636 principales,
1046 3607 1119 3627 cum
1143 3607 1226 3627 unus
1242 3596 1281 3627 sit
1304 3596 1371 3626 eius
1397 3600 1398 3622 ἰ
1425 3596 1502 3626 festa
1521 3603 1552 3626 et
1570 3595 1765 3630 huiusmodi,
1786 3605 1866 3635 quae
1887 3595 1999 3625 directe
2016 3595 2192 3625 consistunt
2211 3594 2242 3624 in
2260 3595 2319 3625 ritu
2340 3595 2484 3626 instituto

311 3642 504 3683 adaequatus
531 3641 619 3678 finis,
644 3641 761 3672 scilicet
787 3640 892 3671 divina
916 3640 1099 3671 reverentia:
1131 3641 1186 3671 sed
1215 3640 1289 3681 quia
1312 3641 1370 3670 sub
1397 3623 1399 3662 i
1426 3650 1443 3670 a
1466 3640 1544 3675 Deo,
1565 3647 1595 3670 et
1619 3640 1803 3669 ordinantur
1826 3639 1864 3668 ad
1889 3639 2067 3678 dirigendos
2092 3645 2217 3669 nostros
2239 3646 2336 3674 actus,
2354 3647 2388 3670 ut
2412 3646 2485 3670 sunt

2518 1782 2666 1806 ·S.Th.1ect.
2673 1791 2728 1807 xxu.

2518 1943 2529 1952 ⁸
2544 1942 2593 1969 Qu.
2606 1949 2629 1968 x,
2643 1947 2683 1964 nrt.
2695 1949 2714 1971 5.

2518 2042 2528 2053 *
2541 2042 2569 2064 D.
2585 2049 2632 2070 714,
2647 2044 2697 2071 958.
