2860 4244
163 805 221 853 :a
231 811 269 832 <³

158 1889 219 1910 ’De
231 1887 367 1911 thArbia

157 1915 259 1942 tib111,c
247 1921 318 1943 camp
303 1920 367 1940 xv;1n

156 1931 368 1970 Rec'trat.1i.,b1

157 1974 208 1996 cap.
226 1975 258 1990 rx.

407 272 487 308 404

1107 257 1374 304 QUAESTIO
1405 258 1523 306 CVII,
1553 259 1851 297 ARTICULUS
1882 261 1893 296 l

847 465 1257 542 QUAESTIO
1306 466 2153 524 CENTESIMASEPTIMA

1141 585 1232 625 DE
1281 585 1852 627 INGRATITUDINE

1184 700 1218 725 ΙΝ
1249 699 1424 730 QUATUOR
1451 700 1656 725 ARTICULOS
1684 701 1802 726 DIVISA

484 808 590 833 EINDE
629 794 949 832 considerandum
979 802 1035 831 est
1063 794 1110 831 de
1149 794 1415 842 ingratitudine
1434 794 1465 831 *.

320 805 532 889 ›lffiDEt
560 849 657 886 circa
686 849 760 885 hoc
789 855 1023 897 quaeruntur
1052 855 1227 896 quatuor.

454 903 602 940 Primo:
624 910 750 938 utrum
771 901 998 949 ingratitudo
1020 913 1173 949 semper
1191 900 1238 937 sit
1251 907 1464 949 peccatum.

454 956 653 993 Secundo:
684 963 810 991 utrum
840 954 1067 1002 ingratitudo
1082 954 1135 991 sit
1152 961 1352 1003 peccatum
1383 966 1467 1002 spe-

505 1010 609 1045 ciale.

1491 792 1494 818 ¹
1575 795 1728 832 Tertio:
1758 804 1885 833 utrum
1916 796 2043 833 omnis
2071 796 2299 845 ingratitudo
2324 797 2370 834 sit
2387 803 2589 846 peccatum

1629 866 1802 903 mortale.

1577 935 1746 982 Quarto:
1785 942 1911 972 utrum
1949 936 2096 984 ingrato
2121 942 2138 958 ‘²
2172 938 2245 973 sint
2277 937 2463 974 beneficia
2501 938 2589 975 sub-

1629 1006 1827 1043 trahenda.

1208 1116 1528 1159 ARTICULUS
1561 1116 1767 1159 PRIMUS

975 1208 1131 1239 UTRUM
1156 1206 1460 1239 INGRATITUDO
1485 1206 1655 1238 SEMPER
1678 1206 1745 1237 sir
1769 1206 2008 1239 PECCATUM

439 1312 497 1338 ..ψ
514 1312 585 1354 μή
607 1309 630 1334 D
659 1308 796 1333 ramum
825 1308 878 1332 sm
907 1307 1149 1332 PRocanrrua.
1170 1294 1331 1331 Videtur
1358 1295 1462 1342 quod

531 1345 580 1402 {¹29
607 1349 834 1409 ingratitudo
865 1361 942 1386 non
981 1361 1135 1408 semper
1169 1348 1215 1385 sit
1247 1355 1462 1397 peccatum.

556 1391 579 1440 ’6
594 1397 708 1441 Dicit
737 1402 839 1439 enim
861 1402 1048 1450 Seneca‚'
1041 1415 1079 1439 1n
1099 1403 1149 1439 111
1177 1402 1224 1439 de
1245 1400 1451 1450 Beneficfl‘

477 1447 514 1464 '
533 1445 598 1487 Χκ
608 1456 714 1505 quod
742 1457 916 1506 ingratus
943 1461 999 1492 est
1024 1456 1091 1504 qui
1106 1468 1181 1492 non
1210 1455 1330 1492 reddit
1355 1456 1463 1492 bene-

385 1510 537 1558 ficium.
579 1510 657 1546 Sed
685 1510 920 1558 quandoque
958 1521 1036 1546 non
1072 1516 1203 1558 posset
1240 1508 1374 1557 aliquis
1407 1521 1464 1546 re·
1489 1510 1491 1553 ζ

397 1575 648 1611 compensare
682 1563 915 1601 beneficium
948 1562 1018 1600 nisi
1055 1562 1274 1612 peccando:
1312 1570 1404 1610 puta
1433 1561 1463 1599 si

397 1616 531 1665 aliquis
560 1614 575 1645 β
609 1616 808 1654 auxiliatus
845 1624 900 1654 est
937 1615 1084 1654 homini
1124 1615 1173 1653 ad
1209 1615 1462 1665 peccandum.

397 1670 497 1706 Cum
527 1682 616 1718 ergo
638 1670 828 1707 abstinere
856 1682 878 1707 a
905 1677 1064 1718 peccato
1085 1681 1164 1706 non
1183 1669 1229 1705 sit
1246 1676 1461 1719 peccatum,

395 1723 547 1760 videtur
582 1723 688 1772 quod
725 1722 952 1772 ingratitudo
989 1735 1068 1760 non
1103 1734 1256 1771 semper
1293 1722 1339 1759 sit
1375 1734 1462 1771 pec·

397 1784 536 1813 catum.

453 1841 486 1866 2.
521 1830 763 1877 PRAETEREA‚
794 1841 910 1866 omne
948 1836 1148 1878 peccatum
1185 1836 1240 1865 eSt
1274 1840 1312 1865 ln
1355 1836 1461 1877 pote-

396 1890 489 1919 state
516 1883 723 1931 peccantis:
763 1883 852 1931 quia
891 1882 1103 1919 secundum
1137 1882 1393 1930 Augustinum
1420 1882 1461 1930 ²⁸,
1487 1921 1488 1926 ,

396 1936 519 1973 nullus
541 1941 677 1984 peccat
702 1936 739 1973 in
769 1948 812 1973 eo
841 1936 942 1984 quod
967 1937 1088 1972 vitare
1116 1947 1190 1972 non
1216 1941 1346 1995 potest.
1383 1936 1488 1976 Sed

395 1989 629 2038 quandoque
656 2001 734 2026 non
755 1997 810 2026 est
837 1989 875 2026 in
894 1996 1080 2038 potestate
1100 1988 1293 2037 peccantis
1313 1989 1487 2037 ingrati

394 2042 566 2080 tudinem
595 2042 735 2080 vitare:
764 2050 856 2092 puta
885 2055 974 2079 cum
1003 2055 1082 2079 non
1109 2043 1226 2080 habet
1243 2043 1347 2080 unde
1377 2042 1460 2080 red-

395 2096 468 2133 dat.
507 2095 662 2133 Oblivio
693 2096 806 2133 etiarn
834 2108 913 2134 non
943 2103 998 2132 est
1025 2095 1065 2133 in
1091 2102 1277 2144 potestate
1310 2103 1458 2134 nostra:

395 2162 483 2187 curn
512 2157 641 2186 tamen
671 2149 818 2186 Seneca
848 2149 966 2196 dicat,
997 2148 1035 2186 in
1064 2150 1113 2185 III
1143 2150 1189 2186 de
1224 2149 1439 2197 Benene*

394 2203 498 2251 quod
527 2203 805 2253 ingratissimus
841 2203 1011 2240 omnium
1045 2207 1100 2239 est
1125 2203 1191 2251 qui
1223 2202 1357 2240 oblitus
1393 2208 1456 2240 est.

393 2257 495 2304 Ergo
524 2255 752 2304 ingratitudo
783 2268 862 2293 non
890 2268 1045 2305 semper
1074 2263 1128 2292 est
1156 2263 1370 2306 peccatum.

448 2310 483 2346 3.
508 2310 743 2355 PRAETEREA,
773 2322 851 2346 non
870 2309 1021 2346 videtur
1042 2321 1336 2358 recompensare
1356 2314 1372 2337 Υ
1393 2309 1459 2357 qui

393 2375 471 2399 non
499 2363 581 2399 vult
615 2362 755 2410 aliquid
794 2363 952 2400 debere:
988 2362 1200 2399 secundum
1235 2363 1326 2400 illud
1353 2365 1485 2413 Apo-

393 2408 489 2462 stoli⁷
509 2417 621 2452 Rom.
642 2428 703 2452 xm
723 2417 761 2437 ²¹²·
754 2417 941 2454 .Nemini
957 2416 1160 2464 quidquam
1180 2416 1353 2453 debeatis
1381 2417 1486 2453 Sed

393 2469 459 2517 qui
481 2445 619 2506 ’invitus
655 2469 762 2506 debet
793 2469 966 2518 ingratus
993 2474 1064 2506 est.-
1098 2478 1139 2506 ut
1175 2470 1327 2506 Seneca
1351 2470 1456 2518 dicit,

393 2523 432 2560 in
452 2522 503 2559 IV
521 2522 567 2558 de
584 2523 747 2569 Benefic.
768 2521 799 2559 *.
830 2523 932 2570 Ergo
952 2534 1031 2559 non
1051 2534 1204 2570 semper
1231 2523 1457 2570 ingratitudo

395 2583 451 2613 est
478 2583 690 2624 peccatum.

449 2629 523 2665 SED
552 2639 699 2665 CONTRA
727 2639 793 2664 EST
820 2627 926 2676 quod
956 2628 987 2664 II
1017 2628 1069 2664 ad
1099 2627 1194 2665 Tim.
1218 2640 1254 2665 111
1273 2627 1304 2675 *‚
1334 2628 1457 2676 ingra-

393 2682 512 2719 titudo
542 2688 839 2719 connumeratur
867 2680 947 2718 aliis
975 2680 1159 2729 peccatis,
1190 2693 1278 2718 cum
1307 2681 1456 2720 dicitur:

267 2754 282 2774 ι,
332 2755 364 2776 .ι,
391 2735 612 2772 Parentibus
641 2746 714 2772 non
744 2734 963 2780 obedientes,
993 2734 1147 2784 ingrati,
1176 2734 1327 2772 scelesti.

306 2781 319 2797 ⁸
343 2782 362 2797 ¹'
447 2790 673 2825 Responnao
701 2799 886 2825 morannum
915 2787 1032 2837 quod,
1063 2787 1159 2824 sicut
1187 2787 1330 2825 dictum
1352 2795 1407 2825 est
1426 2787 1456 2835 ¹⁸¹,
1484 2827 1485 2831 ,

444 2919 472 2950 α)
492 2918 609 2951 ingrato.
622 2932 639 2937 —-
658 2918 773 2951 ingratis
793 2918 865 2943 ΡΗα.

445 2952 470 2986 β)
489 2954 595 2986 aliquis.
607 2967 626 2973 -
644 2954 706 2979 Om.
725 2954 771 2979 Pa.

443 2990 470 3022 γ)
490 2996 697 3021 recompensare.
712 3002 732 3007 —
745 2996 858 3022 peccare
877 2989 904 3013 P.

444 3023 469 3056 ὃ)
489 3025 660 3050 voluntatem.
672 3038 691 3044 -
709 3025 804 3049 bonam
823 3025 892 3049 addit
911 3024 940 3049 P.

1488 1295 1491 1347 J
1518 1293 1689 1330 debiturn
1708 1293 1948 1342 gratitudinis
1969 1302 2024 1331 est
2052 1294 2251 1354 quoddam
2272 1296 2443 1334 debiturn
2470 1298 2590 1336 hone-

1517 1346 1622 1384 statis
1641 1359 1760 1396 quam
1788 1347 1908 1384 virtus
1928 1347 2095 1396 requirit.
2125 1348 2184 1385 Ex
2202 1349 2278 1385 hoc
2297 1357 2426 1388 autem
2446 1351 2590 1402 aliquid

1519 1408 1575 1437 est
1602 1408 1804 1450 peccatum
1829 1401 1935 1450 quod
1956 1408 2142 1450 repugnat
2162 1401 2303 1447 virtuti.
2333 1402 2444 1442 Unde
2468 1404 2590 1449 mani-

1489 1454 1491 1508 i
1516 1454 1656 1491 festum
1677 1462 1734 1492 est
1761 1454 1867 1502 quod
1887 1454 2012 1492 omnis
2039 1454 2270 1502 ingratitudo
2295 1463 2350 1494 est
2371 1465 2587 1505 peccatum.

1571 1509 1631 1544 An
1660 1519 1798 1545 ptumum
1826 1519 1926 1544 ERGO
1955 1519 2141 1546 memnon
2170 1509 2276 1558 quod
2303 1509 2495 1557 gratitudo
2530 1514 2590 1550 r'e‘-

1489 1558 1491 1594 ἵ
1518 1560 1626 1610 spicit
1653 1560 1900 1598 beneficium.
1931 1561 1994 1598 Ille
2015 1569 2143 1598 autem
2164 1562 2229 1611 qui
2257 1562 2369 1601 alicui
2390 1563 2590 1626 auxiliatur

1489 1599 1566 1651 ad
1586 1614 1827 1664 peccandum
1846 1627 1925 1651 non
1945 1615 2092 1652 confert
2110 1615 2359 1676 beneficium.
2377 1617 2445 1655 sed
2466 1618 2588 1669 magis
2652 1660 2653 1663 ,
2679 1663 2683 1667 ,

1489 1689 1490 1692 =
1518 1675 1810 1705 nocumentum.
1840 1668 1889 1704 Et
1916 1667 2005 1705 ideo
2034 1680 2113 1705 non
2142 1668 2303 1706 debetur
2328 1670 2362 1707 ei
2381 1671 2588 1732 gratiarum
2655 1686 2659 1693 ¹

1517 1721 1635 1758 actio:
1665 1720 1736 1758 nisi
1763 1721 1859 1758 forte
1886 1729 2044 1771 propter
2070 1722 2309 1760 voluntatem
2329 1721 2360 1770 Β,
2390 1724 2421 1761 si
2449 1725 2495 1762 sit
2522 1725 2589 1765 de'-

1488 1814 1489 1822 *
1517 1782 1660 1824 ceptuS‚
1692 1775 1784 1812 dum
1815 1773 1973 1812 credidit
2001 1775 2183 1813 adiuvare
2212 1776 2261 1814 ad
2290 1777 2450 1826 bonum,
2480 1774 2587 1816 adiu-

1515 1828 1601 1865 vit·
1629 1827 1679 1865 ad
1707 1828 1962 1877 peccandum.
1998 1829 2076 1865 Sed
2104 1836 2194 1866 tunc
2223 1841 2303 1867 non
2341 1830 2503 1869 debetur
2529 1844 2587 1870 re·

1517 1880 1781 1930 compensatio
1814 1881 1898 1918 talis
1932 1889 1975 1918 ut
2003 1881 2207 1920 adiuvetur
2238 1883 2287 1920 ad
2320 1885 2585 1932 peccandum:

1515 1935 1605 1984 quia
1639 1935 1713 1972 hoc
1748 1946 1828 1971 non
1862 1942 1961 1971 esset
1993 1947 2290 1985 recompensare
2319 1937 2488 1985 bonum,
2518 1938 2586 1980 sed

1515 1989 1681 2036 malum,
1711 1987 1818 2036 quod
1846 1988 2098 2026 contrariatur
2124 1989 2353 2037 gratitudini.

1567 2044 1627 2079 An
1665 2053 1857 2079 SECUNDUM
1895 2053 2083 2080 DICENDUM
2122 2043 2229 2092 quod
2264 2044 2392 2082 nullus
2426 2052 2586 2095 propte:

1485 2086 1487 2146 j
1513 2095 1781 2144 impotentiam
1811 2094 1998 2133 reddendi
2017 2097 2066 2133 ab
2086 2095 2356 2145 ingratitudine
2373 2105 2584 2151 excusatur,

1485 2171 1486 2174 =
1514 2161 1559 2186 ex
1580 2161 1657 2198 quo
1678 2149 1727 2186 ad
1756 2147 1929 2186 debitum
1953 2149 2190 2198 gratitudinis
2218 2149 2460 2189 reddendum
2481 2151 2586 2194 suffi

1485 2202 1563 2239 cit
1587 2203 1668 2239 sola
1695 2202 1886 2249 voluntas,
1906 2209 1948 2239 ut
1977 2202 2121 2240 dictum
2151 2211 2207 2241 est
2232 2203 2263 2241 *.
2286 2204 2497 2243 —Oblivio
2517 2218 2585 2244 au-

1484 2245 1486 2297 ff
1512 2263 1591 2292 tem
1612 2255 1787 2292 beneficii
1808 2254 1856 2293 ad
1876 2255 2183 2316 ingratitudinem
2204 2257 2382 2307 pertinet.
2405 2270 2484 2298 non
2504 2258 2585 2309 qui-

1484 2309 1604 2346 dem
1624 2309 1685 2346 illa
1706 2321 1804 2358 quae
1823 2309 2002 2358 provenit
2021 2322 2067 2346 ex
2089 2310 2250 2348 naturali
2270 2311 2433 2360 defectu,
2453 2324 2553 2362 quae
2568 2310 2585 2339 ⁸

1513 2375 1591 2399 non
1621 2362 1790 2400 subiacet
1816 2363 2025 2408 voluntati;
2061 2363 2128 2400 sed
2166 2363 2227 2401 illa
2255 2376 2355 2413 quae
2393 2377 2439 2402 ex
2467 2365 2584 2415 negli-

1513 2416 1638 2464 gentia
1666 2416 1855 2465 provenit.
1885 2416 1936 2454 Ut
1965 2416 2068 2453 enirn
2099 2416 2188 2454 dicit
2217 2418 2408 2466 Seneca,
2400 2430 2438 2456 tn
2467 2419 2525 2456 111
2537 2420 2584 2457 de

1483 2471 1676 2518 Benefic
1696 2469 1717 2491 '¹‘
1726 2475 1923 2518 ,apparet
1949 2469 2054 2507 illum
2084 2482 2159 2507 non
2180 2482 2294 2520 saepe
2319 2472 2366 2509 de
2393 2471 2582 2511 reddendo
2611 2481 2620 2490 ·

1484 2528 1485 2550 ¹
1512 2523 1697 2572 cogitasse
1724 2523 1787 2559 cui
1812 2523 1978 2571 obrepsit
1994 2528 2013 2550 ἢ
2041 2523 2190 2561 oblivio.

1484 2569 1486 2630 ζ
1565 2577 1625 2612 An
1643 2586 1806 2613 ‘reanum
1820 2587 2005 2613 montinum
2026 2576 2132 2625 quod
2152 2576 2324 2615 debitum
2344 2577 2582 2626 gratitudinis

1484 2632 1485 2662 i
1513 2640 1559 2665 ex
1589 2628 1716 2665 debito
1746 2628 1889 2666 amoris
1918 2629 2123 2679 derivatur,
2153 2642 2175 2667 a
2203 2642 2280 2680 quo
2314 2631 2440 2669 nullus
2468 2631 2583 2681 debet

1511 2682 1611 2720 velle
1640 2681 1800 2719 absolvi.
1830 2682 1942 2719 Unde
1962 2682 2067 2732 quod
2086 2682 2222 2732 aliquis
2245 2683 2385 2722 invitus
2412 2685 2490 2723 hoc
2517 2676 2582 2726 de-

1484 2735 1635 2781 bitum
1665 2734 1814 2782 debeat,
1835 2735 1987 2773 videtur
2013 2737 2219 2786 provenire
2240 2749 2285 2774 ex
2305 2737 2455 2776 defectu
2474 2749 2581 2798 atno-

1512 2788 1561 2825 ris
1590 2788 1640 2826 ad
1669 2800 1759 2825 eum
1788 2788 1853 2838 qui
1881 2789 2116 2827 beneficium
2137 2789 2252 2828 dedit.

1564 2918 1588 2953 ε)
1605 2919 1720 2945 adiuvit.
1733 2933 1751 2938 -
1768 2922 1795 2945 et
1813 2919 1918 2945 adiuvit
1936 2919 2041 2945 PDGH.
2055 2933 2074 2938 -
2093 2920 2144 2945 Pro
2164 2920 2226 2950 Sed,
2246 2919 2283 2946 Et
2300 2920 2359 2947 Pla.

1563 2954 1593 3023 t3
1608 2962 1685 2988 quae.
1696 2969 1716 2996 -5
1733 2955 1780 2989 qui
1798 2955 1893 2996 PEGq,
1912 2956 2020 2988 quando
2040 2955 2070 2981 C.
2216 2991 2222 2998 ·
2389 2991 2396 2998 ·

1506 2999 1594 3058 ‘'seg'‘
1611 2991 1737 3051 glzepstt.
1749 3005 1767 3010 -
1785 2991 1894 3016 obv-exit
1912 2991 2100 3025 BEFHKpAC,
2119 2991 2233 3017 obresctt
2251 2991 2282 3022 D.
2302 2991 2407 3018 obtexit
2425 2992 2486 3024 GL,
2505 2993 2582 3020 obre-
