2860 4244
121 341 131 351 ⁵
144 339 214 362 Num.
229 346 278 362 vm.

363 261 439 307 284

359 341 508 371 missione
533 340 692 370 desinente
707 339 740 375 *,
766 339 878 369 dicitur
901 338 989 378 quod
1014 337 1182 377 promissio
1207 344 1237 367 et
1260 337 1419 366 iuramen-

357 393 427 416 tum
451 383 693 425 promissorium
717 384 833 413 habent
856 382 985 422 quidem
1010 381 1143 411 eandem
1168 380 1340 416 materiam,
1365 380 1420 410 sed

358 440 423 460 non
454 430 512 459 sub
544 428 654 458 eadem
683 427 813 457 ratione.
845 427 926 456 Nam
955 425 1029 465 quia
1061 424 1231 464 promissio
1254 424 1341 454 alteri
1364 423 1418 461 fit,

357 473 482 513 respicit
511 479 617 502 actum
648 471 679 501 in
704 470 813 500 ordine
837 470 876 499 ad
905 469 1057 499 alterum:
1088 469 1304 498 iuramentum
1327 478 1418 505 vero,

356 518 431 558 quia
455 517 492 547 de
516 515 650 556 propriis
674 515 767 544 etiam
790 513 856 543 fieri
881 520 992 553 potest,
1010 512 1134 552 respicit
1157 519 1264 542 actum
1280 513 1418 543 eundem

356 561 514 596 absolute,
540 559 762 598 undecumque
787 558 898 587 habeat
922 557 1077 587 rationem
1100 562 1188 586 actus
1211 556 1353 587 virtuosi.
1378 557 1420 588 Et

355 605 429 635 hinc
452 604 486 634 fit
510 610 544 633 ut
567 602 755 642 promittens
779 601 893 631 latroni
913 611 987 631 cum
1003 600 1182 631 iuramento
1198 600 1351 631 redimere
1365 611 1418 631 ve·-

354 649 514 679 xationem
533 656 623 676 suam
648 646 752 675 dando
769 645 813 675 illi
830 652 968 680 centum,
994 644 1106 675 habeat
1129 644 1345 675 iuramentum
1361 646 1417 675 ob-

354 692 553 732 ligatorium,
582 690 828 729 promissionem
855 696 962 719 autem
990 699 1066 719 non.
1097 689 1180 719 Nam
1208 689 1322 719 latroni
1351 699 1415 720 non

354 743 477 767 tenetur
500 744 619 765 servare
643 734 852 774 promissum:
879 733 932 763 sed
956 739 1086 772 propter
1109 733 1252 763 divinum
1277 733 1417 764 testimo-

354 780 443 810 nium
467 785 589 809 tenetur
613 787 835 808 consummare
855 777 989 807 caritatis
1009 784 1116 807 actum
1135 777 1166 807 in
1191 777 1333 808 favorem
1353 778 1417 808 sui-

354 831 433 858 met,
458 833 523 853 non
546 822 692 858 latronis,
717 828 821 852 sancte
852 821 1049 852 inchoatum.
1083 821 1177 852 Solve
1200 831 1275 861 ergo
1306 822 1415 852 distin-

352 867 490 907 guendo,
516 874 546 897 et
570 866 703 896 dicendo
727 866 815 906 quod
839 866 1087 905 promissionem
1109 865 1246 896 mediare
1270 866 1350 897 inter
1368 866 1416 897 iu-

352 918 531 942 ramentum
555 917 585 940 et
608 910 771 940 materiam
794 909 978 950 intelligitur
1002 910 1177 950 dupliciter.
1207 910 1280 940 Uno
1304 911 1415 949 modo,

352 962 509 996 quantum
532 955 571 984 ad
595 964 661 984 rem
685 964 767 995 quae
790 954 924 984 iurando
949 954 1158 994 promittitur:
1183 961 1213 985 et
1232 954 1275 984 sic
1295 962 1341 985 est
1363 965 1414 985 ve-

351 1010 433 1030 rum.
465 999 538 1029 Alio
562 999 679 1038 modo,
703 999 811 1039 quoad
835 998 991 1029 rationem
1019 1008 1082 1039 qua
1105 1008 1153 1029 res
1177 998 1332 1038 promissa
1355 1000 1414 1029 sub

351 1044 528 1074 iuramento
559 1043 650 1073 cadit.
683 1043 723 1073 Et
752 1043 795 1073 sic
826 1052 891 1073 non
915 1050 961 1073 est
983 1053 1095 1073 verum
1123 1042 1354 1078 universaliter.
1379 1050 1416 1074 ut

352 1088 545 1119 declaratum
560 1094 623 1121 rest.
655 1087 696 1117 Et
719 1094 886 1127 propterea
909 1094 970 1117 stat
992 1087 1080 1128 quod
1104 1087 1184 1117 desit
1206 1087 1255 1117 ius
1279 1087 1414 1127 promis-

351 1132 458 1169 sionis,
479 1132 555 1172 quia
574 1132 660 1162 deest
679 1131 763 1161 illius
779 1131 872 1161 ratio:
897 1138 927 1162 et
950 1141 1014 1161 non
1039 1131 1160 1162 desinat
1178 1131 1227 1161 ius
1246 1131 1414 1162 iuramenti

350 1186 445 1216 super
460 1176 584 1211 eodem,
609 1176 685 1216 quia
708 1186 774 1206 non
798 1176 885 1206 deest
907 1175 991 1205 illius
1006 1175 1096 1206 ratio.
1123 1174 1234 1206 Deficit
1257 1175 1414 1215 siquidem

351 1220 498 1251 materiae
513 1220 592 1250 ratio
616 1230 680 1260 qua
695 1220 849 1250 subdatur
871 1219 1076 1259 promissioni
1091 1219 1243 1258 obliganti
1266 1219 1340 1250 huic
1356 1220 1413 1250 ho-

351 1265 429 1295 mini
454 1264 595 1305 cogenti:
621 1274 687 1294 non
709 1271 815 1294 tamen
840 1264 926 1294 deest
950 1263 1051 1294 eidem
1075 1263 1223 1293 materiae
1247 1263 1326 1293 ratio
1350 1273 1413 1303 qua

351 1310 503 1340 subdatur
526 1309 715 1344 iuramento,
740 1315 776 1338 ut
799 1308 990 1338 declaratum
1015 1314 1070 1337 est.

405 1354 446 1383 Et
463 1363 519 1393 per
538 1353 614 1383 haec
633 1359 718 1392 patet
734 1352 899 1391 responsio
914 1352 953 1381 ad
972 1351 1110 1390 primam
1126 1349 1411 1382 confirmationem.

405 1398 454 1427 Ad
471 1397 642 1427 secundam
658 1403 774 1432 autem,
792 1395 908 1426 scilicet
926 1395 1014 1436 quod
1031 1394 1230 1425 confirmatio
1251 1394 1329 1425 nihil
1349 1396 1412 1434 dat,

350 1441 462 1472 dicitur
485 1442 573 1482 quod
597 1439 795 1470 confirmatio
820 1440 934 1470 cadens
956 1449 1050 1479 super
1066 1449 1132 1468 uno
1157 1446 1188 1469 et
1211 1439 1325 1469 eodem
1341 1446 1412 1470 actu

350 1486 526 1516 secundum
550 1484 683 1514 omnino
708 1484 841 1514 eandem
857 1483 1022 1520 rationem,
1047 1483 1125 1513 nihil
1149 1483 1235 1513 aliud
1258 1483 1332 1514 facit
1355 1484 1414 1514 nisi

348 1529 539 1560 firmitatem.
563 1529 624 1560 Sed
649 1527 847 1559 confirmatio
872 1528 985 1559 cadens
1009 1538 1104 1568 super
1128 1527 1241 1558 eodem
1265 1535 1347 1564 actu,
1365 1538 1413 1559 se-

349 1574 491 1605 cundum
515 1581 620 1604 tamen
644 1573 739 1603 aliam
762 1573 928 1609 rationem,
953 1582 989 1603 ex
1012 1572 1074 1602 hoc
1089 1571 1160 1612 ipso
1183 1570 1287 1602 firmat
1306 1579 1412 1603 actum

349 1619 486 1649 eundem
503 1618 679 1648 secundum
696 1617 790 1647 aliam
806 1617 971 1649 rationem.
995 1617 1036 1647 Et
1058 1616 1102 1646 sic
1118 1623 1164 1646 est
1182 1615 1214 1646 in
1235 1617 1412 1657 proposit0‚

347 1670 384 1693 ut
407 1663 599 1693 declaratum
623 1668 678 1692 est.

403 1707 486 1738 XVI.
511 1707 546 1737 In
563 1706 673 1737 eadem
691 1705 898 1745 responsione
921 1706 960 1735 ad
983 1704 1121 1740 tertium,
1147 1704 1282 1735 dubium
1306 1715 1413 1736 occur-

347 1751 396 1787 rit,
421 1751 588 1792 quomodo
611 1750 827 1780 iuramentum
850 1750 888 1779 de
908 1760 972 1780 non
994 1748 1210 1779 denuntiando
1234 1756 1279 1779 est
1303 1756 1412 1780 contra

348 1796 510 1836 publicam
532 1794 701 1825 iustitiam:
733 1804 807 1825 cum
830 1794 1028 1825 denuntiatio
1053 1793 1215 1824 ordinetur
1243 1794 1282 1823 ad
1306 1795 1412 1824 mede-

347 1840 412 1870 lam
431 1839 598 1880 peccantis,
617 1846 647 1870 et
666 1848 731 1869 non
749 1839 788 1868 ad
812 1838 973 1878 publicam
988 1837 1151 1874 iustitiam,
1169 1847 1226 1868 nec
1245 1838 1411 1878 proprium

348 1885 558 1915 commodum
582 1883 805 1913 denuntiantis.
826 1900 846 1905 -
866 1883 906 1913 Et
922 1889 1055 1921 augetur
1069 1881 1217 1912 dubium:
1242 1881 1317 1922 quia
1341 1893 1412 1922 pas-

347 1939 401 1959 sus
425 1928 627 1968 dispendium
643 1927 675 1957 in
694 1927 861 1967 proposito
887 1937 951 1956 non
975 1933 1079 1967 sperat
1098 1925 1327 1956 correctionem
1344 1927 1411 1957 eius

347 1966 404 2014 qui
419 1983 494 2003 eum
510 1972 622 2012 coegit,
642 1982 698 2002 nec
715 1977 860 2001 movetur
884 1977 1013 2011 propter
1036 1970 1159 2000 bonum
1176 1970 1339 2007 coactetis,
1357 1972 1412 2002 sed

347 2017 523 2057 proprium.

401 2062 452 2091 Ad
475 2061 536 2091 hoc
561 2060 673 2090 dicitur
696 2059 784 2100 quod
808 2059 883 2099 quia
899 2058 1097 2089 denuntiatio
1115 2058 1280 2089 ordinatur
1295 2059 1336 2089 ad
1355 2069 1411 2099 pu-

346 2105 418 2136 blici
438 2104 533 2135 officii
553 2104 750 2140 exercitium;
775 2103 942 2143 primarius
962 2110 1070 2133 autem
1089 2101 1160 2133 finis
1178 2102 1272 2133 officii
1290 2103 1410 2143 publici

346 2157 392 2180 est
415 2150 538 2180 bonum
562 2148 744 2188 publicum:
769 2148 842 2178 ideo
859 2147 1056 2178 denuntiatio
1081 2147 1175 2177 etiam
1192 2147 1356 2178 ordinatur
1371 2150 1410 2179 ad

345 2203 517 2224 commune
533 2194 666 2223 bonum.
691 2193 783 2223 Unde
799 2192 935 2222 maxime
951 2199 1098 2222 tenemur
1116 2191 1300 2222 denuntiare
1320 2202 1409 2231 prae-

309 2236 312 2238 *
343 2238 414 2269 latis
439 2237 569 2268 crimina
600 2246 681 2277 quae
705 2243 779 2267 sunt
802 2236 834 2266 in
860 2237 1015 2266 damnum
1039 2235 1199 2275 spirituale
1222 2236 1272 2266 vel
1297 2246 1410 2277 corpo—

343 2283 406 2313 rale
423 2282 645 2318 multitudinis,
663 2288 698 2311 ut
721 2281 911 2311 seminantes
933 2281 1074 2310 haereses
1099 2287 1129 2310 et
1152 2281 1330 2320 proditores
1354 2292 1409 2321 pa-

343 2327 420 2358 triae
445 2334 474 2357 et
497 2326 693 2357 huiusmodi.
727 2326 824 2363 Quod
853 2333 960 2356 autem
992 2325 1105 2355 dicitur
1137 2325 1226 2365 quod
1250 2326 1408 2356 accusatio

343 2372 383 2402 ad
402 2372 526 2401 bonum
545 2371 720 2410 publicum,
741 2370 938 2401 denuntiati0
955 2379 1029 2399 vero
1050 2369 1089 2399 ad
1108 2369 1232 2400 bonum
1251 2371 1409 2409 peccantis

343 2415 486 2452 intendit,
503 2415 744 2455 intelligendum
761 2422 807 2445 est
830 2415 938 2455 quoad
957 2413 1146 2454 principales
1161 2414 1324 2450 terminos,
1342 2424 1408 2445 non

344 2460 453 2501 quoad
468 2459 561 2496 viam,
579 2460 640 2489 hoc
656 2467 702 2489 est
726 2459 891 2499 publicum
907 2458 1059 2494 officium,
1085 2459 1172 2498 quod
1197 2466 1262 2489 tam
1287 2459 1407 2489 denun-

344 2505 438 2536 tiator
454 2514 551 2544 quam
569 2510 731 2534 accusator
747 2503 911 2542 implorat:
938 2502 981 2532 sic
1005 2503 1094 2542 quod
1111 2502 1269 2532 accusatio
1290 2503 1329 2532 ad
1352 2504 1408 2533 bo—

344 2559 422 2580 num
455 2548 621 2588 publicum
644 2547 857 2587 principaliter
886 2553 922 2577 ut
951 2546 1123 2576 terminum
1147 2546 1326 2583 ordinatur;
1355 2547 1407 2577 de-

344 2592 501 2624 nuntiatio
525 2602 600 2622 vero
624 2592 665 2622 ad
688 2592 812 2622 bonum
829 2591 896 2621 eius
919 2590 975 2631 qui
993 2590 1104 2621 erravit
1127 2590 1339 2631 principaliter
1358 2601 1408 2621 or-

345 2638 471 2668 dinatur
490 2643 525 2667 ut
547 2636 730 2667 terminum.
756 2636 801 2666 lta
817 2635 905 2676 quod
922 2635 1029 2665 nullus
1045 2641 1169 2666 tenetur
1185 2644 1330 2665 accusare
1349 2635 1408 2666 nisi

343 2688 473 2723 propter
491 2682 614 2718 bonum
631 2680 808 2722 publicum:
835 2679 1018 2710 denuntiare
1034 2685 1142 2709 autem
1161 2686 1284 2710 tenetur
1308 2689 1407 2720 quan-

344 2727 451 2767 doque
473 2723 603 2766 proptTer
622 2725 797 2765 publicum,
818 2724 1012 2765 quandoque
1032 2730 1161 2764 propter
1177 2723 1352 2764 privatum;
1377 2732 1407 2756 et

343 2772 425 2802 u'ltra
448 2771 527 2806 hoc,
551 2770 744 2810 quandoque
768 2775 874 2809 potest
897 2767 1081 2798 denuntiare
1105 2767 1200 2798 etiam
1223 2768 1248 2798 si
1273 2778 1338 2798 non
1361 2775 1407 2799 te-

343 2822 463 2846 neatur.
484 2814 610 2854 Spectat
629 2824 703 2853 ergo
720 2814 758 2843 ad
776 2813 936 2853 publicam
953 2812 1104 2842 iustitiam
1122 2812 1330 2849 denuntiatio,
1343 2813 1407 2843 sive

344 2866 472 2900 propter
501 2859 625 2888 bonum
649 2867 821 2888 commune
851 2857 915 2887 sive
946 2863 1076 2897 propter
1099 2857 1222 2887 bonum
1247 2857 1406 2897 privatum

344 2904 413 2935 fiat:
439 2903 513 2944 quia
543 2904 582 2933 ad
606 2902 724 2943 publici
748 2901 842 2932 officii
867 2901 1004 2932 iustitiae
1029 2901 1212 2931 exercitium
1236 2901 1408 2933 ordinatur.

403 2947 494 2978 Unde
517 2946 589 2978 licet
612 2957 722 2987 passus
747 2946 951 2986 dispendium
974 2955 1040 2975 non
1057 2953 1160 2985 speret
1177 2945 1405 2976 correctionem

345 2992 508 3027 coactoris‚
526 2998 629 3031 sperat
644 2998 750 3021 tamen
771 3000 895 3030 semper
911 2990 979 3020 tria.
1011 2989 1154 3020 Primum
1170 2997 1216 3020 est
1235 3000 1408 3021 commune

343 3037 477 3071 bonum,
502 3036 590 3075 quod
613 3035 648 3065 fit
671 3035 893 3074 compellendo
918 3040 1078 3064 coactores
1102 3034 1141 3064 ad
1165 3034 1405 3072 restituendum,

342 3081 393 3110 vel
417 3079 590 3110 coercendo
615 3089 669 3109 eos
693 3079 819 3118 publica
843 3085 1007 3119 potestate.
1038 3078 1221 3109 Secundum
1246 3086 1292 3110 est
1318 3080 1407 3120 quod

344 3131 470 3155 coactor
492 3123 678 3153 relevabitur
701 3124 738 3153 ab
762 3133 858 3153 onere
881 3122 1064 3153 restituendi
1089 3123 1127 3153 de
1151 3130 1268 3160 cetero,
1293 3134 1329 3154 ac
1352 3134 1408 3164 per

344 3169 406 3199 hoc
429 3167 550 3198 facilius
575 3167 715 3198 converti
738 3167 862 3206 poterit.
887 3167 1034 3197 Tertium
1058 3174 1103 3197 est
1126 3167 1253 3207 propria
1273 3168 1407 3199 subven-

343 3213 388 3244 tio
413 3213 451 3243 de
474 3212 532 3242 sibi
556 3211 672 3242 debito.
697 3211 790 3242 Unde
806 3211 1020 3241 iuramentum
1039 3211 1101 3241 tale
1116 3212 1260 3242 absolute
1277 3218 1323 3242 est
1338 3213 1408 3242 nul-

343 3258 428 3287 lum:
454 3256 528 3297 quia
544 3256 610 3286 eius
627 3255 757 3286 materia
772 3262 819 3286 est
842 3255 967 3295 negatio
985 3261 1072 3285 actus
1089 3255 1262 3295 opportuni
1286 3256 1326 3286 ad
1349 3266 1407 3296 pu-

344 3301 458 3331 blicam
482 3300 643 3336 iustitiam,
668 3299 745 3330 mihi
770 3299 864 3330 etiam
888 3299 1010 3330 utilem.

399 3345 496 3375 XVII.
522 3345 556 3375 In
580 3344 786 3384 responsione
810 3344 849 3373 ad
873 3350 1023 3384 quartum
1054 3343 1196 3373 eiusdem
1219 3343 1340 3374 articuli
1361 3353 1407 3374 se-

344 3389 436 3429 ptimi
460 3389 595 3419 dubium
610 3388 754 3424 occurrit,
773 3398 812 3418 an
836 3388 1052 3418 iuramentum
1069 3387 1179 3417 dolose
1203 3387 1333 3424 factum,
1350 3387 1407 3418 sci-

344 3433 416 3463 licet
439 3433 506 3463 sine
528 3433 702 3463 intentione
718 3432 871 3468 servandi,
890 3432 1007 3472 obliget
1022 3432 1061 3462 ad
1078 3431 1278 3462 servandum.
1302 3432 1343 3462 Et
1361 3439 1408 3462 est

345 3477 424 3507 ratio
449 3476 535 3507 dubii
565 3477 640 3517 quia
664 3479 784 3507 Auctor
807 3477 839 3506 in
863 3476 964 3507 littera
988 3476 1062 3507 dicit
1092 3476 1182 3516 quod
1212 3476 1304 3506 debet
1325 3475 1406 3506 iura-

346 3528 491 3551 mentum
514 3521 574 3551 tale
595 3521 718 3551 servari.
743 3521 783 3550 Et
807 3521 957 3558 Isidorus,
981 3527 1017 3551 ut
1040 3521 1172 3551 habetur
1194 3520 1291 3556 XXII,
1311 3530 1406 3561 qu.v,

347 3576 413 3605 cap.
434 3565 653 3605 Quacumque,
678 3565 750 3604 plus
773 3564 864 3595 dicit:
890 3565 1006 3595 scilicet
1029 3565 1118 3605 quod
1140 3565 1230 3595 Deus
1246 3565 1406 3595 iuramen-

346 3615 412 3640 tum
440 3610 486 3640 sic
514 3610 628 3649 accipit
658 3610 740 3639 sicut
769 3608 822 3639 ille
853 3610 904 3639 cui
927 3610 1058 3640 iuratur
1085 3609 1245 3649 intelligit.
1271 3626 1291 3631 -
1314 3608 1407 3639 Multi

981 259 1246 306 QUAESTIO
1277 259 1489 306 LXXXIX,
1519 260 1814 298 ARTICULUS
1842 261 1910 298 Vll

1475 344 1582 367 autem
1607 338 1751 369 doctores
1774 339 1807 369 in
1831 339 1892 369 hoc
1915 339 2083 370 convenire
2099 339 2246 370 videntur
2269 342 2357 381 quod
2379 341 2536 372 iuramen-

1474 387 1544 411 tum
1567 381 1686 412 factum
1710 393 1776 413 non
1801 393 1874 413 cum
1898 383 2005 414 animo
2030 393 2062 413 se
2079 383 2258 423 obligandi,
2283 394 2348 415 non
2375 385 2493 425 obligat
2508 386 2535 418 *.

1531 425 1581 455 Ad
1611 425 1672 456 hoc
1702 427 1815 457 dicitur
1846 428 1934 467 quod
1963 437 2038 457 cum
2061 427 2205 468 quaestio
2232 427 2309 459 haec
2337 428 2447 460 locum
2470 440 2536 461 non

1473 468 1586 499 habeat
1609 469 1668 500 nisi
1691 470 1724 500 in
1747 471 1926 501 iuramento
1950 471 2177 511 promissorio,
2203 481 2240 502 ex
2262 479 2374 503 natura
2401 474 2536 513 promis-

1473 513 1547 542 sorii
1570 513 1739 545 iuramenti
1761 515 1874 545 veritas
1897 515 2082 546 deducenda
2105 522 2161 546 est.
2187 515 2268 546 Sunt
2289 515 2384 556 igitur
2405 516 2439 547 in
2462 528 2536 558 pro·

1472 556 1618 588 missorio
1634 557 1812 589 iuramento
1828 558 1885 589 tria
1898 566 1992 596 extra,
2006 566 2036 590 et
2051 559 2109 590 tria
2125 559 2220 596 intus,
2234 559 2350 591 scilicet
2365 559 2397 590 in
2415 561 2537 593 animo.

1471 601 1528 631 Est
1544 601 1700 642 siquidem
1718 603 1851 634 exterius
1867 602 1974 643 ipsum
1991 603 2217 642 iuramentum,
2237 611 2284 635 est
2302 611 2333 634 et
2356 604 2535 645 promissio,

1471 652 1500 675 et
1524 645 1600 676 haec
1623 646 1689 676 duo
1713 646 1746 677 in
1770 647 1935 687 praesenti,
1953 648 2083 688 quando
2100 648 2217 678 scilicet
2232 648 2362 685 iuratur,
2380 655 2469 679 sunt:
2490 656 2537 680 est

1471 695 1501 719 et
1524 690 1720 727 observatio,
1745 691 1778 721 in
1802 690 1909 722 futuro
1934 698 2049 723 tamen.
2082 692 2216 723 Interius
2239 699 2347 723 autem
2370 693 2403 722 in
2425 693 2535 724 animo

1469 733 1600 764 iurantis
1624 734 1681 764 tria
1698 741 1787 765 sunt:
1812 735 1928 767 scilicet
1951 736 2076 766 animus
2093 737 2133 767 ad
2146 736 2328 773 iurandum,
2350 737 2477 767 animus
2495 738 2535 768 ad

1470 778 1739 817 promittendum,
1763 778 1888 809 animus
1919 780 1958 809 ad
1995 781 2238 812 observandum.
2282 782 2369 812 Haec
2397 791 2535 822 namque

1470 822 1578 852 omnia
1608 822 1688 853 clare
1711 829 1798 862 patet
1821 822 1853 852 in
1878 824 2086 863 promissorio
2109 825 2300 862 iuramento,
2327 825 2352 855 si
2374 825 2535 856 iuramen-

1469 873 1538 896 tum
1563 873 1593 897 et
1616 876 1682 896 non
1706 866 1806 906 magis
1829 867 2004 907 periurium
2028 875 2090 904 est,
2114 868 2263 900 invenire.
2296 869 2454 907 Quocirca
2482 869 2534 900 tri-

1469 910 1589 950 pliciter
1606 910 1760 950 contingit
1783 921 1819 940 ex
1838 910 1963 945 defectu
1988 912 2110 942 debitae
2125 912 2310 944 intentionis
2326 914 2443 944 iurare:
2472 914 2534 954 pri-

1468 965 1533 990 mo,
1551 955 1576 985 si
1601 954 1704 985 deficit
1727 955 1834 985 solum
1851 955 1976 986 animus
1999 956 2039 986 ad
2063 956 2344 994 observandum*;
2375 958 2533 995 secundo,

1468 999 1493 1029 si
1511 1009 1584 1029 cum
1601 999 1663 1030 hoc
1680 998 1783 1029 deficit
1799 999 1893 1030 etiam
1910 999 2035 1030 animus
2052 1000 2091 1029 ad
2110 1000 2363 1039 promittendum
2374 1001 2406 1038 *;
2430 1002 2532 1039 tertio,

1468 1043 1493 1073 si
1509 1053 1583 1074 cum
1601 1043 1650 1073 his
1667 1042 1771 1074 deficit
1794 1043 1889 1074 etiam
1905 1044 2030 1074 animus
2053 1045 2092 1074 ad
2107 1044 2277 1075 iurandum
2293 1044 2320 1076 *.
2343 1045 2534 1086 Exemplum

1468 1088 1562 1127 primi
1593 1095 1678 1128 patet
1700 1087 1732 1118 in
1756 1087 1804 1118 his
1836 1088 1891 1129 qui
1915 1087 2103 1128 profitentur
2126 1088 2312 1128 religionem
2340 1089 2435 1119 etiam
2459 1100 2533 1120 cum

1468 1132 1664 1168 iuramento,
1689 1139 1725 1162 ut
1747 1132 1883 1163 habeant
1906 1133 1991 1163 unde
2013 1132 2174 1163 luxuriose
2197 1133 2320 1169 vivant;
2352 1133 2535 1174 exemplum

1467 1176 1596 1206 secundi
1620 1183 1706 1216 patet
1729 1176 1761 1206 in
1777 1176 1826 1206 his
1849 1177 1915 1217 qui,
1940 1177 2012 1207 licet
2035 1177 2139 1208 iurent
2161 1187 2194 1207 se
2217 1176 2365 1214 facturos,
2389 1178 2422 1208 in
2440 1178 2535 1208 corde

1467 1227 1573 1250 tamen
1598 1230 1662 1250 non
1687 1221 1888 1260 promittunt,
1913 1222 1967 1251 sed
1983 1221 2189 1252 mendacibus
2204 1221 2306 1252 verbis
2326 1221 2479 1253 simulant
2501 1232 2534 1253 se

1467 1263 1666 1303 promittere;
1691 1265 1874 1304 exemplum
1890 1265 1975 1305 tertii·
1988 1272 2069 1296 esset
2083 1265 2115 1296 in
2132 1265 2180 1296 his
2200 1265 2266 1306 qui,
2286 1265 2358 1296 licet
2381 1276 2435 1297 ore
2458 1276 2534 1307 pro-

1466 1307 1566 1338 ferant
1589 1308 1683 1338 verba
1705 1307 1874 1339 iuramenti
1897 1309 1956 1339 sibi
1977 1316 2063 1346 nota,
2088 1320 2154 1340 non
2169 1309 2339 1340 intendunt
2362 1317 2469 1341 tamen
2485 1311 2534 1341 iu-

1466 1361 1544 1390 rare,
1569 1352 1623 1381 sed
1646 1351 1852 1382 mendacibus
1875 1353 1977 1383 verbis
2001 1353 2152 1384 simulant
2174 1364 2207 1384 se
2229 1354 2342 1385 iurare.

1522 1396 1635 1426 XVIII.
1659 1396 1752 1426 Unde
1777 1396 1957 1436 singillatim
1989 1396 2130 1437 singulos
2158 1398 2274 1428 modos
2303 1398 2399 1429 huius
2429 1399 2533 1430 dolosi

1466 1439 1634 1470 iuramenti
1658 1439 1872 1476 discutiendo,
1898 1441 2047 1478 dicamus.
2063 1442 2153 1482 quod
2180 1441 2206 1471 si
2228 1442 2334 1482 primo
2358 1443 2458 1473 modo
2485 1443 2533 1474 iu-

1466 1491 1560 1520 retur,
1585 1484 1702 1515 scilicet
1726 1494 1800 1515 cum
1823 1484 1931 1515 animo
1955 1485 2078 1516 iurandi
2102 1492 2132 1516 et
2156 1485 2363 1526 promittendi
2387 1487 2442 1517 sed
2465 1497 2532 1518 non

1466 1528 1663 1565 observandi,
1687 1528 1904 1560 iuramentum
1926 1530 2039 1569 procul
2054 1530 2152 1560 dubio
2172 1530 2292 1570 obligat
2307 1530 2347 1560 ad
2364 1531 2532 1561 observan-

1467 1573 1561 1604 dum:
1593 1573 1669 1613 quia
1692 1572 1833 1604 defectus
1856 1573 1954 1604 animi
1982 1574 2022 1604 ad
2045 1574 2280 1610 observandum
2306 1584 2373 1605 non
2397 1575 2535 1606 excludit

1465 1617 1630 1648 vinculum
1654 1617 1832 1654 iuramenti,
1857 1618 1911 1648 sed
1934 1618 2156 1649 rectitudinem
2178 1618 2372 1650 intentionis.

1522 1662 1555 1693 Si
1577 1671 1653 1692 vero
1676 1662 1797 1692 iuretur
1824 1672 1898 1693 cum
1921 1662 2029 1693 animo
2052 1662 2194 1699 iurandi,
2219 1663 2274 1693 sed
2303 1673 2370 1693 non
2400 1662 2533 1703 promit-

1467 1706 1552 1737 tendi
1584 1715 1642 1736 nec
1665 1706 1871 1743 observandi,
1895 1707 2088 1747 quibusdam
2111 1707 2235 1738 videtur
2257 1707 2346 1748 quod
2373 1706 2534 1738 iuramen-

1438 1746 1439 1757 ³
1466 1758 1535 1781 tum
1559 1760 1624 1780 non
1649 1750 1781 1790 obliget,
1806 1750 1882 1791 quia
1906 1751 2050 1781 animum
2074 1751 2236 1792 obligandi
2259 1761 2292 1781 se
2315 1761 2381 1781 non
2405 1751 2531 1783 habuit:

1466 1795 1540 1835 quia
1565 1794 1716 1834 obligatio
1739 1794 1864 1825 iurandi
1884 1805 1921 1826 ex
1935 1795 2044 1826 animo
2059 1802 2115 1826 est.
2141 1813 2161 1818 -
2184 1796 2225 1826 Et
2249 1795 2455 1828 confirmatur
2477 1805 2533 1836 per

1466 1839 1546 1869 illud
1570 1838 1723 1878 Gregorii,
1741 1839 1838 1875 XXII,
1859 1849 1913 1879 qu.
1932 1850 1961 1875 v,
1987 1849 2054 1879 cap.
2070 1840 2246 1870 Humanae
2267 1849 2384 1878 aures,
2407 1840 2463 1871 ubi
2486 1840 2532 1871 di-

1466 1883 1545 1914 citur
1568 1883 1657 1923 quod
1680 1883 1789 1913 divina
1811 1883 1930 1914 iudicia
1947 1884 2025 1914 talia
2034 1883 2126 1924 foris
2141 1884 2279 1914 audiunt
2294 1889 2405 1915 nostra
2421 1884 2531 1923 verba,

1464 1926 1573 1968 qualia
1598 1937 1639 1958 ex
1662 1928 1781 1958 intimis
1797 1927 2026 1967 proferuntur.
2059 1928 2143 1965 Quia
2171 1938 2246 1968 ergo
2276 1937 2314 1958 ex
2341 1928 2435 1959 corde
2464 1938 2532 1959 non

1464 1971 1669 2012 proferuntur
1685 1972 1793 2002 animo
1810 1971 1982 2012 obligandi,
1999 1972 2142 2012 sequitur
2157 1972 2246 2012 quod
2263 1981 2329 2002 non
2346 1971 2497 2012 obligent.
2509 1989 2532 1996 -

1464 2016 1636 2053 Praeterea,
1660 2015 1875 2046 iuramentum
1900 2016 2145 2056 promissorium
2169 2015 2247 2046 nihil
2263 2015 2349 2046 aliud
2365 2022 2411 2046 est
2433 2026 2532 2057 quam

1465 2060 1635 2100 promissio
1656 2059 1779 2091 firmata
1794 2060 1984 2091 iuramento.
2011 2060 2072 2092 Ubi
2087 2070 2162 2101 ergo
2178 2060 2266 2091 nulla
2281 2067 2328 2091 est
2349 2060 2531 2101 promissio,

1464 2105 1536 2135 licet
1566 2104 1605 2135 sit
1635 2104 1856 2144 promissionis
1883 2104 2061 2141 simulatio,
2087 2105 2212 2136 nullum
2240 2111 2287 2135 est
2316 2104 2532 2136 iuramentum

1464 2149 1719 2189 promissorium.
1751 2149 1792 2179 Et
1815 2156 2046 2190 consequenter
2069 2160 2134 2180 non
2158 2149 2276 2190 obligat
2300 2149 2340 2179 ad
2363 2150 2531 2180 observan-

1464 2193 1552 2224 dum.

1518 2237 1600 2268 XIX.
1626 2237 1687 2268 Sed
1710 2237 1736 2267 si
1760 2236 1940 2277 diligentius
1964 2237 2170 2278 contemplati
2193 2237 2367 2274 fuerimus,
2392 2237 2530 2268 invenie-

1463 2292 1545 2318 mus,
1571 2281 1654 2312 salva
1678 2281 1813 2311 istorum
1830 2282 2011 2319 reverentia,
2036 2281 2152 2312 falsum
2169 2291 2236 2312 esse
2259 2282 2348 2322 quod
2364 2281 2484 2318 dicunt,
2501 2288 2532 2313 et

1462 2326 1494 2356 in
1519 2326 1627 2357 multis
1652 2336 1669 2356 a
1692 2325 1821 2356 veritate
1845 2325 1994 2357 alienum.
2020 2327 2055 2356 In
2079 2325 2189 2366 primis
2212 2325 2353 2357 alienum
2370 2336 2387 2356 a
2402 2327 2531 2357 veritate

1463 2378 1509 2401 est
1532 2370 1620 2411 quod
1639 2377 1837 2410 supponunt,
1854 2370 1972 2401 scilicet
1991 2371 2079 2411 quod
2095 2369 2247 2410 obligatio
2271 2370 2372 2411 possit
2395 2370 2530 2411 separari

1462 2425 1478 2445 a
1498 2415 1687 2450 iurament0‚
1713 2414 1801 2454 quasi
1825 2414 1858 2445 in
1881 2421 2036 2454 potestate
2060 2414 2200 2445 hominis
2223 2414 2263 2445 sit
2285 2414 2387 2445 iurare
2413 2422 2443 2446 et
2462 2425 2529 2446 non

1461 2458 1591 2499 obligari
1616 2468 1653 2488 ex
1674 2458 1864 2490 iuramento.
1897 2459 1968 2489 Hoc
1996 2459 2082 2489 enim
2105 2458 2222 2489 falsum
2245 2469 2312 2490 esse
2341 2465 2465 2490 constat
2494 2458 2528 2490 in

1461 2504 1639 2534 iuramento
1665 2503 1851 2533 assertorio:
1876 2509 2004 2543 oportet
2026 2513 2179 2543 namque,
2204 2502 2230 2533 si
2253 2502 2383 2539 iuratur,
2408 2502 2527 2543 obliga-

1461 2548 1583 2578 tionem
1604 2547 1711 2577 adesse
1728 2547 1768 2576 ad
1784 2546 1955 2577 dicendum
1970 2557 2092 2578 verum.
2117 2547 2158 2578 Et
2173 2547 2453 2588 proportionaliter
2471 2554 2528 2584 est,

1461 2592 1547 2631 apud
1571 2590 1789 2631 perspicaciter
1811 2591 2025 2631 speculantes,
2049 2591 2082 2621 in
2105 2591 2284 2623 iuramento
2308 2591 2527 2632 promissorio.

1460 2637 1543 2666 Nam
1566 2635 1641 2676 quia
1664 2635 1879 2666 iuramentum
1899 2635 2153 2675 promissorium,
2173 2642 2210 2666 ut
2228 2645 2265 2667 ex
2284 2635 2374 2667 dictis
2390 2635 2407 2655 *
2430 2642 2526 2676 patet,

1460 2680 1593 2711 includit
1615 2680 1695 2710 duas
1718 2679 1872 2715 veritates,
1897 2679 2014 2711 scilicet
2037 2679 2237 2710 assertoriam
2259 2679 2431 2721 praesentis
2454 2690 2528 2720 pro-

1461 2723 1619 2755 missionis
1634 2730 1664 2754 et
1678 2724 1891 2754 executoriam
1906 2723 2031 2755 futurae
2045 2724 2274 2755 observationis
2288 2722 2398 2766 (super
2412 2731 2527 2755 utram-

1460 2779 1522 2810 que
1540 2768 1625 2799 enim
1637 2767 1719 2799 cadit
1734 2768 1949 2798 iuramentum
1972 2768 2232 2809 promissorium:
2254 2768 2372 2806 scilicet
2390 2774 2420 2799 et
2438 2769 2528 2810 quod

1461 2823 1546 2844 nunc
1562 2812 1728 2853 promittit,
1753 2819 1783 2843 et
1805 2813 1894 2853 quod
1918 2812 1950 2843 in
1974 2812 2083 2843 futuro
2099 2811 2295 2855 exequetur),
2309 2812 2426 2844 idcirco
2446 2813 2527 2844 iura-

1460 2864 1569 2888 mento
1589 2856 1799 2897 promissorio
1822 2857 1939 2897 duplex
1963 2857 2116 2897 obligatio
2136 2857 2384 2897 inseparabiliter
2407 2867 2527 2888 annexa

1461 2909 1524 2933 est:
1545 2911 1610 2932 una
1626 2907 1768 2941 respectu
1786 2901 1957 2941 praesentis
1972 2901 2203 2942 promissionis,
2225 2909 2255 2933 et
2272 2902 2368 2932 altera
2383 2908 2527 2942 respectu

1461 2947 1584 2977 futurae
1601 2945 1804 2976 executionis.
1828 2947 1875 2976 Ac
1894 2955 1950 2986 per
1968 2945 2040 2982 hoc,
2061 2946 2143 2977 sicut
2158 2955 2225 2976 non
2241 2953 2287 2977 est
2313 2945 2347 2976 in
2371 2952 2527 2986 potestate

1461 2990 1591 3022 iurantis
1615 2999 1759 3030 separare
1783 3000 1801 3020 a
1823 2989 2002 3021 iuramento
2033 2990 2262 3030 obligationem
2291 2990 2331 3020 ad
2353 2989 2416 3020 hoc
2438 2989 2528 3031 quod

1461 3036 1493 3066 in
1517 3034 1672 3075 praesenti
1696 3044 1768 3064 vere
1791 3034 1972 3074 promittat,
1997 3034 2040 3065 ita
2063 3045 2129 3065 non
2145 3041 2193 3066 est
2215 3034 2248 3065 in
2273 3040 2427 3075 potestate
2459 3034 2527 3065 eiua

1461 3088 1603 3120 separare
1627 3079 1666 3109 ab
1689 3079 1804 3109 eodem
1826 3078 2006 3110 iuramento
2037 3079 2264 3120 obligationem
2280 3078 2320 3109 ad
2343 3078 2405 3109 hoc
2435 3085 2472 3110 ut
2493 3078 2526 3109 in

1461 3124 1570 3154 futuro
1586 3132 1659 3153 vere
1683 3130 1864 3163 exequatur.

1518 3167 1668 3198 Alienum
1692 3167 1804 3197 deinde
1826 3177 1844 3197 a
1859 3167 1987 3198 veritate
2011 3173 2057 3198 est
2079 3167 2169 3208 quod
2191 3167 2342 3208 obligatio
2358 3165 2526 3197 iuramenti

1462 3222 1499 3242 ex
1521 3218 1631 3242 nostro
1657 3210 1696 3241 sit
1719 3211 1837 3241 anitno.
1869 3211 1926 3241 Est
1953 3221 2092 3251 namque
2122 3221 2160 3242 ex
2183 3219 2295 3243 natura
2320 3210 2421 3252 ipsius
2442 3210 2527 3242 iura-

1461 3255 1560 3286 menti
1585 3254 1734 3294 obligare.

1516 3299 1668 3330 Alienum
1692 3298 1829 3339 denique
1849 3309 1867 3329 a
1882 3299 2010 3330 veritate
2034 3305 2081 3329 est
2103 3309 2170 3330 non
2193 3299 2340 3340 progredi
2355 3309 2392 3330 ex
2406 3297 2525 3329 intimis

1461 3343 1563 3374 cordis
1594 3342 1690 3373 talem
1717 3342 1955 3383 obligationem.
1987 3343 2152 3380 Quoniam
2179 3354 2217 3374 ex
2245 3343 2308 3375 hoc
2333 3343 2405 3384 ipso
2435 3341 2525 3383 quod

1461 3388 1555 3418 habet
1577 3386 1721 3417 animum
1736 3386 1870 3423 iurandi,
1887 3394 2023 3427 oportet,
2039 3387 2114 3419 velit
2132 3388 2223 3425 nolit,
2245 3387 2359 3418 habeat
2379 3385 2524 3417 animum

1460 3442 1493 3462 se
1517 3431 1693 3471 obligandi:
1723 3431 1799 3472 quia
1822 3431 1974 3471 obligatio
1998 3442 2015 3462 a
2038 3431 2217 3464 iuramento
2240 3430 2455 3472 inseparabilis
2479 3436 2526 3460 est

1461 3486 1517 3517 per
1538 3475 1734 3506 intellectum
1764 3476 1883 3516 absque
1910 3476 2176 3512 contradictione,
2200 3485 2266 3507 non
2290 3474 2397 3506 minus
2426 3484 2525 3515 quam

1462 3530 1529 3551 esse
1553 3519 1813 3560 disciplinabilem
1837 3520 1875 3550 ab
1899 3519 2041 3551 homine.

1516 3564 1668 3595 Alienum
1692 3564 1822 3595 demum
1845 3574 1863 3594 a
1878 3564 2007 3595 veritate
2026 3571 2073 3595 est
2095 3563 2184 3605 quod
2207 3562 2263 3594 ubi
2279 3562 2366 3594 nulla
2381 3569 2428 3593 est
2451 3572 2524 3602 pro—

1462 3608 1588 3645 missio,
1615 3609 1741 3639 nullum
1763 3608 1803 3639 sit
1825 3608 2042 3639 iuramentum
2064 3606 2316 3648 promissorium.
2349 3606 2525 3646 Oportebat

2567 388 2574 398 '
2596 387 2633 410 Cf.
2654 388 2761 411 Panorm.
2768 405 2774 416 ,

2564 414 2736 463 arafam
2746 415 2776 438 ‘¹‘

2562 962 2571 972 ⁵
2582 961 2618 984 Cf.
2633 968 2696 985 num.
2707 968 2772 986 tvm.

2563 1006 2772 1035 ·Cf.ibid.st'vem,

2561 1050 2572 1059 ⁸
2588 1049 2624 1072 Cf.
2644 1056 2709 1073 num.
2724 1057 2772 1073 m.

2556 2649 2564 2657 '
2579 2647 2650 2670 Num.
2665 2653 2696 2670 tv.
