<?xml version="1.0" encoding="UTF-8"?>
<!DOCTYPE html PUBLIC "-//W3C//DTD XHTML 1.0 Transitional//EN"
    "http://www.w3.org/TR/xhtml1/DTD/xhtml1-transitional.dtd">
<html xmlns="http://www.w3.org/1999/xhtml" xml:lang="en" lang="en">
 <head>
  <title>
</title>
<meta http-equiv="Content-Type" content="text/html;charset=utf-8" />
  <meta name='ocr-system' content='tesseract 3.04.00' />
  <meta name='ocr-capabilities' content='ocr_page ocr_carea ocr_par ocr_line ocrx_word'/>
</head>
<body>
  <div class='ocr_page' id='page_1' title='image "./operaomniaiussui09thom/operaomniaiussui09thom_0456.png"; bbox 0 0 2860 4238; ppageno 0'>
   <div class='ocr_carea' id='block_1_1' title="bbox 171 2805 306 2828">
    <p class='ocr_par' dir='ltr' id='par_1_1' title="bbox 171 2805 306 2828">
     <span class='ocr_line' id='line_1_1' title="bbox 171 2805 306 2828; baseline 0.015 -2"><span class='ocrx_word' id='word_1_1' title='bbox 171 2806 179 2816; x_wconf 83' lang='lat'>¹</span> <span class='ocrx_word' id='word_1_2' title='bbox 194 2805 261 2828; x_wconf 70' lang='lat' dir='ltr'>Vere.</span> <span class='ocrx_word' id='word_1_3' title='bbox 276 2812 306 2828; x_wconf 81' lang='lat'>21.</span> 
     </span>
    </p>
   </div>
   <div class='ocr_carea' id='block_1_2' title="bbox 172 3121 353 3150">
    <p class='ocr_par' dir='ltr' id='par_1_2' title="bbox 172 3121 353 3150">
     <span class='ocr_line' id='line_1_2' title="bbox 172 3121 353 3150; baseline 0.017 -10"><span class='ocrx_word' id='word_1_4' title='bbox 172 3122 181 3130; x_wconf 88' lang='lat'><em>·</em></span> <span class='ocrx_word' id='word_1_5' title='bbox 197 3121 262 3143; x_wconf 78' lang='lat' dir='ltr'>Vei-s.</span> <span class='ocrx_word' id='word_1_6' title='bbox 277 3127 306 3150; x_wconf 77' lang='lat'>13,</span> <span class='ocrx_word' id='word_1_7' title='bbox 321 3127 353 3149; x_wconf 87' lang='grc'>19.</span> 
     </span>
    </p>
   </div>
   <div class='ocr_carea' id='block_1_3' title="bbox 171 3147 340 3176">
    <p class='ocr_par' dir='ltr' id='par_1_3' title="bbox 171 3147 340 3176">
     <span class='ocr_line' id='line_1_3' title="bbox 171 3147 340 3176; baseline 0.006 -8"><span class='ocrx_word' id='word_1_8' title='bbox 171 3148 190 3158; x_wconf 80' lang='grc'>·“</span> <span class='ocrx_word' id='word_1_9' title='bbox 206 3147 271 3169; x_wconf 86' lang='lat' dir='ltr'>Vers.</span> <span class='ocrx_word' id='word_1_10' title='bbox 286 3154 306 3174; x_wconf 87' lang='lat'>2,</span> <span class='ocrx_word' id='word_1_11' title='bbox 320 3154 340 3176; x_wconf 83' lang='grc'>5.</span> 
     </span>
    </p>
   </div>
   <div class='ocr_carea' id='block_1_4' title="bbox 170 3318 368 3366">
    <p class='ocr_par' dir='ltr' id='par_1_4' title="bbox 170 3318 368 3366">
     <span class='ocr_line' id='line_1_4' title="bbox 172 3318 368 3346; baseline 0.005 -7"><span class='ocrx_word' id='word_1_12' title='bbox 172 3320 181 3328; x_wconf 84' lang='grc'><em>·</em></span> <span class='ocrx_word' id='word_1_13' title='bbox 188 3318 265 3340; x_wconf 85' lang='lat' dir='ltr'><em>Iudith</em></span> <span class='ocrx_word' id='word_1_14' title='bbox 274 3324 324 3346; x_wconf 85' lang='lat' dir='ltr'>cap.</span> <span class='ocrx_word' id='word_1_15' title='bbox 339 3326 368 3340; x_wconf 86' lang='lat' dir='ltr'>xv</span> 
     </span>
     <span class='ocr_line' id='line_1_5' title="bbox 170 3351 276 3366; baseline 0 0"><span class='ocrx_word' id='word_1_16' title='bbox 170 3351 228 3366; x_wconf 87' lang='lat' dir='ltr'>vers.</span> <span class='ocrx_word' id='word_1_17' title='bbox 246 3351 276 3366; x_wconf 80' lang='grc' dir='ltr'>ιο.</span> 
     </span>
    </p>
   </div>
   <div class='ocr_carea' id='block_1_5' title="bbox 413 211 492 246">
    <p class='ocr_par' dir='ltr' id='par_1_5' title="bbox 413 211 492 246">
     <span class='ocr_line' id='line_1_6' title="bbox 413 211 492 246; baseline 0 0"><span class='ocrx_word' id='word_1_18' title='bbox 413 211 492 246; x_wconf 85' lang='lat'>424</span> 
     </span>
    </p>
   </div>
   <div class='ocr_carea' id='block_1_6' title="bbox 1105 198 1890 245">
    <p class='ocr_par' dir='ltr' id='par_1_6' title="bbox 1105 198 1890 245">
     <span class='ocr_line' id='line_1_7' title="bbox 1105 198 1890 245; baseline 0 -11"><span class='ocrx_word' id='word_1_19' title='bbox 1105 198 1370 245; x_wconf 75' lang='lat' dir='ltr'>QUAEsTlo</span> <span class='ocrx_word' id='word_1_20' title='bbox 1401 198 1485 245; x_wconf 84' lang='lat' dir='ltr'>cx,</span> <span class='ocrx_word' id='word_1_21' title='bbox 1515 199 1812 236; x_wconf 84' lang='lat' dir='ltr'>ART1CULUS</span> <span class='ocrx_word' id='word_1_22' title='bbox 1843 199 1890 234; x_wconf 90' lang='lat'>111</span> 
     </span>
    </p>
   </div>
   <div class='ocr_carea' id='block_1_7' title="bbox 417 275 2586 327">
    <p class='ocr_par' dir='ltr' id='par_1_7' title="bbox 417 275 2586 327">
     <span class='ocr_line' id='line_1_8' title="bbox 417 275 2586 327; baseline 0.001 -14"><span class='ocrx_word' id='word_1_23' title='bbox 417 286 470 313; x_wconf 89' lang='lat' dir='ltr'>est</span> <span class='ocrx_word' id='word_1_24' title='bbox 508 286 655 314; x_wconf 86' lang='lat' dir='ltr'>sextum</span> <span class='ocrx_word' id='word_1_25' title='bbox 689 277 950 323; x_wconf 85' lang='lat' dir='ltr'>mendacium,</span> <span class='ocrx_word' id='word_1_26' title='bbox 980 277 1080 324; x_wconf 85' lang='lat' dir='ltr'>quod</span> <span class='ocrx_word' id='word_1_27' title='bbox 1100 276 1255 324; x_wconf 87' lang='lat' dir='ltr'>prodest</span> <span class='ocrx_word' id='word_1_28' title='bbox 1285 276 1398 311; x_wconf 86' lang='lat' dir='ltr'>alicui</span> <span class='ocrx_word' id='word_1_29' title='bbox 1424 276 1474 312; x_wconf 89' lang='lat' dir='ltr'>ad</span> <span class='ocrx_word' id='word_1_30' title='bbox 1498 275 1501 327; x_wconf 87' lang='grc' dir='ltr'>Ι</span> <span class='ocrx_word' id='word_1_31' title='bbox 1527 277 1646 323; x_wconf 89' lang='lat' dir='ltr'>magis</span> <span class='ocrx_word' id='word_1_32' title='bbox 1676 276 1858 313; x_wconf 90' lang='lat' dir='ltr'>minuitur</span> <span class='ocrx_word' id='word_1_33' title='bbox 1886 277 1997 324; x_wconf 87' lang='lat' dir='ltr'>culpa</span> <span class='ocrx_word' id='word_1_34' title='bbox 2025 277 2225 313; x_wconf 89' lang='lat' dir='ltr'>mendacii.</span> <span class='ocrx_word' id='word_1_35' title='bbox 2256 278 2305 314; x_wconf 91' lang='lat' dir='ltr'>Et</span> <span class='ocrx_word' id='word_1_36' title='bbox 2323 278 2422 326; x_wconf 87' lang='lat' dir='ltr'>ideo,</span> <span class='ocrx_word' id='word_1_37' title='bbox 2444 279 2473 316; x_wconf 92' lang='lat' dir='ltr'>si</span> <span class='ocrx_word' id='word_1_38' title='bbox 2501 279 2586 327; x_wconf 91' lang='lat' dir='ltr'>quis</span> 
     </span>
    </p>
   </div>
   <div class='ocr_carea' id='block_1_8' title="bbox 409 328 1475 640">
    <p class='ocr_par' dir='ltr' id='par_1_8' title="bbox 409 328 1475 640">
     <span class='ocr_line' id='line_1_9' title="bbox 409 328 1475 377; baseline -0.001 -11"><span class='ocrx_word' id='word_1_39' title='bbox 409 331 611 377; x_wconf 86' lang='lat' dir='ltr'>pecuniam</span> <span class='ocrx_word' id='word_1_40' title='bbox 647 330 963 374; x_wconf 75' lang='lat' dir='ltr'>conservandam3</span> <span class='ocrx_word' id='word_1_41' title='bbox 998 330 1060 365; x_wconf 91' lang='lat' dir='ltr'>vel</span> <span class='ocrx_word' id='word_1_42' title='bbox 1089 336 1144 365; x_wconf 90' lang='lat' dir='ltr'>est</span> <span class='ocrx_word' id='word_1_43' title='bbox 1177 328 1264 369; x_wconf 72' lang='lat' dir='ltr'>utile</span> <span class='ocrx_word' id='word_1_44' title='bbox 1304 328 1475 377; x_wconf 68' lang='lat' dir='ltr'>corpori„</span> 
     </span>
     <span class='ocr_line' id='line_1_10' title="bbox 418 378 1473 431; baseline -0.001 -13"><span class='ocrx_word' id='word_1_45' title='bbox 418 391 452 419; x_wconf 89' lang='lat' dir='ltr'>et</span> <span class='ocrx_word' id='word_1_46' title='bbox 471 384 544 418; x_wconf 91' lang='lat' dir='ltr'>hoc</span> <span class='ocrx_word' id='word_1_47' title='bbox 565 390 620 418; x_wconf 90' lang='lat' dir='ltr'>est</span> <span class='ocrx_word' id='word_1_48' title='bbox 639 382 842 431; x_wconf 90' lang='lat' dir='ltr'>septimum</span> <span class='ocrx_word' id='word_1_49' title='bbox 864 382 1120 427; x_wconf 87' lang='lat' dir='ltr'>mendacium,</span> <span class='ocrx_word' id='word_1_50' title='bbox 1141 393 1214 430; x_wconf 86' lang='lat' dir='ltr'>quo</span> <span class='ocrx_word' id='word_1_51' title='bbox 1234 378 1246 401; x_wconf 62' lang='grc' dir='ltr'>θ</span> <span class='ocrx_word' id='word_1_52' title='bbox 1275 381 1473 429; x_wconf 83' lang='lat' dir='ltr'><em>impeditur</em></span> 
     </span>
     <span class='ocr_line' id='line_1_11' title="bbox 416 434 1471 477; baseline 0 -7"><span class='ocrx_word' id='word_1_53' title='bbox 416 447 517 471; x_wconf 86' lang='lat' dir='ltr'>mors</span> <span class='ocrx_word' id='word_1_54' title='bbox 535 435 694 471; x_wconf 85' lang='lat' dir='ltr'>hominis</span> <span class='ocrx_word' id='word_1_55' title='bbox 705 447 718 477; x_wconf 91' lang='lat'>,·</span> <span class='ocrx_word' id='word_1_56' title='bbox 743 435 805 471; x_wconf 86' lang='lat' dir='ltr'>vel</span> <span class='ocrx_word' id='word_1_57' title='bbox 831 442 885 471; x_wconf 90' lang='lat' dir='ltr'>est</span> <span class='ocrx_word' id='word_1_58' title='bbox 906 434 994 470; x_wconf 91' lang='lat' dir='ltr'>utile</span> <span class='ocrx_word' id='word_1_59' title='bbox 1015 434 1128 470; x_wconf 82' lang='lat' dir='ltr'>etiam</span> <span class='ocrx_word' id='word_1_60' title='bbox 1158 434 1205 471; x_wconf 90' lang='lat' dir='ltr'>ad</span> <span class='ocrx_word' id='word_1_61' title='bbox 1234 434 1471 471; x_wconf 85' lang='lat' dir='ltr'>honestatem</span> 
     </span>
     <span class='ocr_line' id='line_1_12' title="bbox 415 486 1471 535; baseline 0 -12"><span class='ocrx_word' id='word_1_62' title='bbox 415 487 571 533; x_wconf 85' lang='lat' dir='ltr'>virtutis,</span> <span class='ocrx_word' id='word_1_63' title='bbox 598 495 632 523; x_wconf 91' lang='lat' dir='ltr'>et</span> <span class='ocrx_word' id='word_1_64' title='bbox 660 488 734 523; x_wconf 90' lang='lat' dir='ltr'>hoc</span> <span class='ocrx_word' id='word_1_65' title='bbox 763 495 817 523; x_wconf 92' lang='lat' dir='ltr'>est</span> <span class='ocrx_word' id='word_1_66' title='bbox 845 495 1024 524; x_wconf 88' lang='lat' dir='ltr'>octavum</span> <span class='ocrx_word' id='word_1_67' title='bbox 1055 486 1312 531; x_wconf 87' lang='lat' dir='ltr'>mendacium,</span> <span class='ocrx_word' id='word_1_68' title='bbox 1334 487 1370 523; x_wconf 88' lang='lat' dir='ltr'>in</span> <span class='ocrx_word' id='word_1_69' title='bbox 1398 498 1471 535; x_wconf 84' lang='lat' dir='ltr'>quo</span> 
     </span>
     <span class='ocr_line' id='line_1_13' title="bbox 415 539 1471 587; baseline 0.001 -12"><span class='ocrx_word' id='word_1_70' title='bbox 415 540 612 587; x_wconf 85' lang='lat' dir='ltr'>impeditur</span> <span class='ocrx_word' id='word_1_71' title='bbox 640 539 764 576; x_wconf 89' lang='lat' dir='ltr'>illicita</span> <span class='ocrx_word' id='word_1_72' title='bbox 787 540 945 587; x_wconf 85' lang='lat' dir='ltr'>pollutio</span> <span class='ocrx_word' id='word_1_73' title='bbox 965 540 1183 587; x_wconf 82' lang='lat' dir='ltr'>corporalis.</span> <span class='ocrx_word' id='word_1_74' title='bbox 1214 541 1321 576; x_wconf 83' lang='lat' dir='ltr'>Patet</span> <span class='ocrx_word' id='word_1_75' title='bbox 1344 548 1471 576; x_wconf 86' lang='lat' dir='ltr'>autem</span> 
     </span>
     <span class='ocr_line' id='line_1_14' title="bbox 415 592 1471 640; baseline 0 -12"><span class='ocrx_word' id='word_1_76' title='bbox 415 593 517 640; x_wconf 92' lang='lat' dir='ltr'>quod</span> <span class='ocrx_word' id='word_1_77' title='bbox 547 600 689 639; x_wconf 88' lang='lat' dir='ltr'>quanto</span> <span class='ocrx_word' id='word_1_78' title='bbox 720 593 865 628; x_wconf 91' lang='lat' dir='ltr'>bonum</span> <span class='ocrx_word' id='word_1_79' title='bbox 894 593 1079 629; x_wconf 91' lang='lat' dir='ltr'>intentum</span> <span class='ocrx_word' id='word_1_80' title='bbox 1110 600 1165 629; x_wconf 90' lang='lat' dir='ltr'>est</span> <span class='ocrx_word' id='word_1_81' title='bbox 1193 592 1339 639; x_wconf 88' lang='lat' dir='ltr'>melius,</span> <span class='ocrx_word' id='word_1_82' title='bbox 1369 600 1471 629; x_wconf 86' lang='lat' dir='ltr'>tanto</span> 
     </span>
    </p>
   </div>
   <div class='ocr_carea' id='block_1_9' title="bbox 411 710 1471 817">
    <p class='ocr_par' dir='ltr' id='par_1_9' title="bbox 411 694 1471 817">
     <span class='ocr_line' id='line_1_15' title="bbox 466 710 1236 747; baseline 0.005 -11"><span class='ocrx_word' id='word_1_83' title='bbox 466 710 489 744; x_wconf 83' lang='grc' dir='ltr'>Θ)</span> <span class='ocrx_word' id='word_1_84' title='bbox 509 721 568 746; x_wconf 80' lang='lat' dir='ltr'>quo.</span> <span class='ocrx_word' id='word_1_85' title='bbox 585 727 604 733; x_wconf 94' lang='lat'>·-</span> <span class='ocrx_word' id='word_1_86' title='bbox 622 714 648 738; x_wconf 82' lang='lat' dir='ltr'>in</span> <span class='ocrx_word' id='word_1_87' title='bbox 668 721 719 746; x_wconf 84' lang='lat' dir='ltr'>quo</span> <span class='ocrx_word' id='word_1_88' title='bbox 738 714 790 739; x_wconf 85' lang='grc' dir='ltr'><strong>ΡΙ).</strong></span> <span class='ocrx_word' id='word_1_89' title='bbox 807 728 825 733; x_wconf 93' lang='grc'>-</span> <span class='ocrx_word' id='word_1_90' title='bbox 843 714 902 738; x_wconf 83' lang='lat' dir='ltr'>Mox</span> <span class='ocrx_word' id='word_1_91' title='bbox 921 722 968 747; x_wconf 86' lang='lat' dir='ltr'>pro</span> <span class='ocrx_word' id='word_1_92' title='bbox 987 714 1013 739; x_wconf 85' lang='lat' dir='ltr'>in</span> <span class='ocrx_word' id='word_1_93' title='bbox 1033 722 1093 747; x_wconf 83' lang='lat' dir='ltr'>quo,</span> <span class='ocrx_word' id='word_1_94' title='bbox 1112 722 1164 747; x_wconf 84' lang='lat' dir='ltr'>quo</span> <span class='ocrx_word' id='word_1_95' title='bbox 1182 713 1236 740; x_wconf 87' lang='lat' dir='ltr'>AL.</span> 
     </span>
     <span class='ocr_line' id='line_1_16' title="bbox 466 749 1471 783; baseline 0.002 -10"><span class='ocrx_word' id='word_1_96' title='bbox 466 750 484 781; x_wconf 83' lang='grc' dir='ltr'>ι)</span> <span class='ocrx_word' id='word_1_97' title='bbox 504 749 720 774; x_wconf 76' lang='lat' dir='ltr'>enumerationis.</span> <span class='ocrx_word' id='word_1_98' title='bbox 741 763 760 769; x_wconf 96' lang='lat'><em>-</em></span> <span class='ocrx_word' id='word_1_99' title='bbox 782 750 974 775; x_wconf 71' lang='lat' dir='ltr'>enuntiationis</span> <span class='ocrx_word' id='word_1_100' title='bbox 998 751 1030 775; x_wconf 86' lang='lat' dir='ltr'>K.</span> <span class='ocrx_word' id='word_1_101' title='bbox 1047 764 1066 770; x_wconf 87' lang='lat'>-</span> <span class='ocrx_word' id='word_1_102' title='bbox 1083 753 1124 776; x_wconf 80' lang='lat' dir='ltr'>est</span> <span class='ocrx_word' id='word_1_103' title='bbox 1147 757 1200 774; x_wconf 87' lang='lat' dir='ltr'>om.</span> <span class='ocrx_word' id='word_1_104' title='bbox 1226 749 1386 783; x_wconf 75' lang='lat' dir='ltr'>ABEFpCK,</span> <span class='ocrx_word' id='word_1_105' title='bbox 1412 755 1471 783; x_wconf 82' lang='lat' dir='ltr'>post</span> 
     </span>
     <span class='ocr_line' id='line_1_17' title="bbox 411 784 645 817; baseline 0.009 -9"><span class='ocrx_word' id='word_1_106' title='bbox 411 784 504 815; x_wconf 82' lang='lat' dir='ltr'>culpae</span> <span class='ocrx_word' id='word_1_107' title='bbox 522 784 594 817; x_wconf 82' lang='lat' dir='ltr'>ponit</span> <span class='ocrx_word' id='word_1_108' title='bbox 613 784 645 810; x_wconf 91' lang='lat' dir='ltr'>G.</span> 
     </span>
    </p>
   </div>
   <div class='ocr_carea' id='block_1_10' title="bbox 1526 329 2587 643">
    <p class='ocr_par' dir='ltr' id='par_1_10' title="bbox 1526 329 2587 590">
     <span class='ocr_line' id='line_1_18' title="bbox 1526 329 2586 380; baseline 0.003 -14"><span class='ocrx_word' id='word_1_109' title='bbox 1526 329 1722 376; x_wconf 83' lang='lat' dir='ltr'>diligenter</span> <span class='ocrx_word' id='word_1_110' title='bbox 1750 329 1974 375; x_wconf 84' lang='lat' dir='ltr'>consideret,</span> <span class='ocrx_word' id='word_1_111' title='bbox 2005 329 2216 366; x_wconf 88' lang='lat' dir='ltr'>secundum</span> <span class='ocrx_word' id='word_1_112' title='bbox 2237 330 2411 368; x_wconf 90' lang='lat' dir='ltr'>ordinem</span> <span class='ocrx_word' id='word_1_113' title='bbox 2440 332 2586 380; x_wconf 87' lang='lat' dir='ltr'>praedi-</span> 
     </span>
     <span class='ocr_line' id='line_1_19' title="bbox 1528 382 2586 433; baseline 0.004 -16"><span class='ocrx_word' id='word_1_114' title='bbox 1528 389 1607 417; x_wconf 89' lang='lat' dir='ltr'>ctae</span> <span class='ocrx_word' id='word_1_115' title='bbox 1638 382 1933 419; x_wconf 90' lang='lat' dir='ltr'>enumerationis</span> <span class='ocrx_word' id='word_1_116' title='bbox 1952 388 1959 402; x_wconf 76' lang='lat'><em>·</em></span> <span class='ocrx_word' id='word_1_117' title='bbox 1989 390 2043 418; x_wconf 90' lang='lat' dir='ltr'>est</span> <span class='ocrx_word' id='word_1_118' title='bbox 2064 382 2158 419; x_wconf 91' lang='lat' dir='ltr'>ordo</span> <span class='ocrx_word' id='word_1_119' title='bbox 2179 383 2369 430; x_wconf 83' lang='lat' dir='ltr'>gravitatiS</span> <span class='ocrx_word' id='word_1_120' title='bbox 2395 385 2527 433; x_wconf 90' lang='lat' dir='ltr'>culpae</span> <span class='ocrx_word' id='word_1_121' title='bbox 2549 385 2586 421; x_wconf 91' lang='lat' dir='ltr'>in</span> 
     </span>
     <span class='ocr_line' id='line_1_20' title="bbox 1527 434 2587 484; baseline 0.005 -14"><span class='ocrx_word' id='word_1_122' title='bbox 1527 434 1603 470; x_wconf 87' lang='lat' dir='ltr'>istis</span> <span class='ocrx_word' id='word_1_123' title='bbox 1631 435 1857 472; x_wconf 84' lang='lat' dir='ltr'>mendaciis:</span> <span class='ocrx_word' id='word_1_124' title='bbox 1887 445 1978 471; x_wconf 87' lang='lat' dir='ltr'>narn</span> <span class='ocrx_word' id='word_1_125' title='bbox 2007 435 2153 471; x_wconf 90' lang='lat' dir='ltr'>bonum</span> <span class='ocrx_word' id='word_1_126' title='bbox 2177 435 2266 472; x_wconf 88' lang='lat' dir='ltr'>utile</span> <span class='ocrx_word' id='word_1_127' title='bbox 2285 437 2495 484; x_wconf 83' lang='lat' dir='ltr'>praefertur</span> <span class='ocrx_word' id='word_1_128' title='bbox 2523 438 2587 474; x_wconf 87' lang='lat' dir='ltr'>de—</span> 
     </span>
     <span class='ocr_line' id='line_1_21' title="bbox 1527 486 2586 538; baseline 0.004 -15"><span class='ocrx_word' id='word_1_129' title='bbox 1527 486 1705 532; x_wconf 86' lang='lat' dir='ltr'>lectabili;</span> <span class='ocrx_word' id='word_1_130' title='bbox 1735 495 1771 524; x_wconf 89' lang='lat' dir='ltr'>et</span> <span class='ocrx_word' id='word_1_131' title='bbox 1798 487 1874 524; x_wconf 87' lang='lat' dir='ltr'>vita</span> <span class='ocrx_word' id='word_1_132' title='bbox 1903 487 2107 536; x_wconf 90' lang='lat' dir='ltr'>corporalis</span> <span class='ocrx_word' id='word_1_133' title='bbox 2139 489 2351 536; x_wconf 88' lang='lat' dir='ltr'>praefertur</span> <span class='ocrx_word' id='word_1_134' title='bbox 2381 490 2586 538; x_wconf 84' lang='lat' dir='ltr'>pecuniae3</span> 
     </span>
     <span class='ocr_line' id='line_1_22' title="bbox 1526 540 2497 590; baseline 0.004 -15"><span class='ocrx_word' id='word_1_135' title='bbox 1526 540 1706 576; x_wconf 87' lang='lat' dir='ltr'>honestas</span> <span class='ocrx_word' id='word_1_136' title='bbox 1734 548 1862 577; x_wconf 87' lang='lat' dir='ltr'>autem</span> <span class='ocrx_word' id='word_1_137' title='bbox 1892 541 2006 577; x_wconf 82' lang='lat' dir='ltr'>etiarn</span> <span class='ocrx_word' id='word_1_138' title='bbox 2025 546 2042 562; x_wconf 68' lang='lat'>2‘</span> <span class='ocrx_word' id='word_1_139' title='bbox 2069 541 2140 589; x_wconf 87' lang='lat' dir='ltr'>ipsi</span> <span class='ocrx_word' id='word_1_140' title='bbox 2169 542 2357 590; x_wconf 90' lang='lat' dir='ltr'>corporali</span> <span class='ocrx_word' id='word_1_141' title='bbox 2384 542 2497 579; x_wconf 88' lang='lat' dir='ltr'>vitae.</span> 
     </span>
    </p>

    <p class='ocr_par' dir='ltr' id='par_1_11' title="bbox 1581 593 2439 643">
     <span class='ocr_line' id='line_1_23' title="bbox 1581 593 2439 643; baseline 0.005 -15"><span class='ocrx_word' id='word_1_142' title='bbox 1581 593 1629 629; x_wconf 90' lang='lat' dir='ltr'>Et</span> <span class='ocrx_word' id='word_1_143' title='bbox 1655 605 1724 641; x_wconf 90' lang='lat' dir='ltr'>per</span> <span class='ocrx_word' id='word_1_144' title='bbox 1751 594 1824 630; x_wconf 88' lang='lat' dir='ltr'>hoc</span> <span class='ocrx_word' id='word_1_145' title='bbox 1851 601 1954 643; x_wconf 90' lang='lat' dir='ltr'>patet</span> <span class='ocrx_word' id='word_1_146' title='bbox 1983 594 2180 642; x_wconf 89' lang='lat' dir='ltr'>responsio</span> <span class='ocrx_word' id='word_1_147' title='bbox 2202 595 2249 631; x_wconf 86' lang='lat' dir='ltr'>ad</span> <span class='ocrx_word' id='word_1_148' title='bbox 2279 595 2439 633; x_wconf 87' lang='lat' dir='ltr'>obieeta.</span> 
     </span>
    </p>
   </div>
   <div class='ocr_carea' id='block_1_11' title="bbox 1579 714 2216 747">
    <p class='ocr_par' dir='ltr' id='par_1_12' title="bbox 1579 714 2216 747">
     <span class='ocr_line' id='line_1_24' title="bbox 1579 714 2216 747; baseline 0.005 -8"><span class='ocrx_word' id='word_1_149' title='bbox 1579 714 1604 747; x_wconf 81' lang='grc' dir='ltr'>κ)</span> <span class='ocrx_word' id='word_1_150' title='bbox 1624 718 1712 740; x_wconf 84' lang='lat' dir='ltr'>autem</span> <span class='ocrx_word' id='word_1_151' title='bbox 1732 715 1822 741; x_wconf 87' lang='lat' dir='ltr'>etiam.</span> <span class='ocrx_word' id='word_1_152' title='bbox 1838 729 1857 735; x_wconf 91' lang='lat'><em>—</em></span> <span class='ocrx_word' id='word_1_153' title='bbox 1875 715 1955 741; x_wconf 80' lang='lat' dir='ltr'>etiam</span> <span class='ocrx_word' id='word_1_154' title='bbox 1976 715 2025 746; x_wconf 82' lang='lat' dir='ltr'>Ga,</span> <span class='ocrx_word' id='word_1_155' title='bbox 2045 719 2133 741; x_wconf 80' lang='lat' dir='ltr'>autem</span> <span class='ocrx_word' id='word_1_156' title='bbox 2154 716 2216 742; x_wconf 83' lang='lat' dir='ltr'>PDI.</span> 
     </span>
    </p>
   </div>
   <div class='ocr_carea' id='block_1_12' title="bbox 1096 859 1923 908">
    <p class='ocr_par' dir='ltr' id='par_1_13' title="bbox 1096 859 1923 908">
     <span class='ocr_line' id='line_1_25' title="bbox 1096 859 1923 908; baseline 0.001 -2"><span class='ocrx_word' id='word_1_157' title='bbox 1096 859 1428 906; x_wconf 61' lang='lat' dir='ltr'>commentaria</span> <span class='ocrx_word' id='word_1_158' title='bbox 1451 873 1700 907; x_wconf 79' lang='lat' dir='ltr'>Cardinalis</span> <span class='ocrx_word' id='word_1_159' title='bbox 1724 873 1923 908; x_wconf 74' lang='lat' dir='ltr'>Caietam</span> 
     </span>
    </p>
   </div>
   <div class='ocr_carea' id='block_1_13' title="bbox 410 960 1474 1841">
    <p class='ocr_par' dir='ltr' id='par_1_14' title="bbox 410 960 1474 1530">
     <span class='ocr_line' id='line_1_26' title="bbox 443 960 1470 1002; baseline 0.002 -12"><span class='ocrx_word' id='word_1_160' title='bbox 443 970 463 990; x_wconf 77' lang='lat' dir='ltr'>N</span> <span class='ocrx_word' id='word_1_161' title='bbox 487 960 617 997; x_wconf 79' lang='lat' dir='ltr'>articulo</span> <span class='ocrx_word' id='word_1_162' title='bbox 638 961 777 991; x_wconf 89' lang='lat' dir='ltr'>seeundo</span> <span class='ocrx_word' id='word_1_163' title='bbox 801 961 944 992; x_wconf 87' lang='lat' dir='ltr'>eiusdem</span> <span class='ocrx_word' id='word_1_164' title='bbox 964 961 1294 992; x_wconf 85' lang='lat' dir='ltr'>centesimaedecimae</span> <span class='ocrx_word' id='word_1_165' title='bbox 1309 961 1470 1002; x_wconf 79' lang='lat' dir='ltr'>quaestio-</span> 
     </span>
     <span class='ocr_line' id='line_1_27' title="bbox 417 972 1472 1046; baseline 0.001 -12"><span class='ocrx_word' id='word_1_166' title='bbox 417 972 492 1034; x_wconf 80' lang='lat' dir='ltr'>Inis</span> <span class='ocrx_word' id='word_1_167' title='bbox 515 1010 590 1034; x_wconf 85' lang='lat' dir='ltr'>nota</span> <span class='ocrx_word' id='word_1_168' title='bbox 615 1004 691 1035; x_wconf 83' lang='lat' dir='ltr'>duo.</span> <span class='ocrx_word' id='word_1_169' title='bbox 715 1005 858 1035; x_wconf 84' lang='lat' dir='ltr'>Primum</span> <span class='ocrx_word' id='word_1_170' title='bbox 883 1013 928 1036; x_wconf 84' lang='lat' dir='ltr'>est</span> <span class='ocrx_word' id='word_1_171' title='bbox 948 1006 1042 1046; x_wconf 89' lang='lat' dir='ltr'>quod</span> <span class='ocrx_word' id='word_1_172' title='bbox 1058 1005 1193 1045; x_wconf 80' lang='lat' dir='ltr'>speciale</span> <span class='ocrx_word' id='word_1_173' title='bbox 1217 1005 1295 1046; x_wconf 90' lang='lat' dir='ltr'>quid</span> <span class='ocrx_word' id='word_1_174' title='bbox 1314 1006 1472 1036; x_wconf 85' lang='lat' dir='ltr'>invenitur</span> 
     </span>
     <span class='ocr_line' id='line_1_28' title="bbox 412 1048 1472 1090; baseline 0.002 -12"><span class='ocrx_word' id='word_1_175' title='bbox 412 1048 444 1079; x_wconf 93' lang='lat' dir='ltr'>in</span> <span class='ocrx_word' id='word_1_176' title='bbox 473 1048 630 1088; x_wconf 78' lang='lat' dir='ltr'>oppositis</span> <span class='ocrx_word' id='word_1_177' title='bbox 658 1049 765 1080; x_wconf 84' lang='lat' dir='ltr'>virtuti</span> <span class='ocrx_word' id='word_1_178' title='bbox 793 1049 944 1087; x_wconf 81' lang='lat' dir='ltr'>veritatis,</span> <span class='ocrx_word' id='word_1_179' title='bbox 977 1050 1094 1081; x_wconf 88' lang='lat' dir='ltr'>scilicet</span> <span class='ocrx_word' id='word_1_180' title='bbox 1124 1051 1212 1090; x_wconf 91' lang='lat' dir='ltr'>quod</span> <span class='ocrx_word' id='word_1_181' title='bbox 1246 1049 1340 1081; x_wconf 84' lang='lat' dir='ltr'>habet</span> <span class='ocrx_word' id='word_1_182' title='bbox 1371 1060 1472 1080; x_wconf 89' lang='lat' dir='ltr'>unum</span> 
     </span>
     <span class='ocr_line' id='line_1_29' title="bbox 411 1092 1472 1135; baseline 0.002 -13"><span class='ocrx_word' id='word_1_183' title='bbox 411 1092 516 1134; x_wconf 85' lang='lat' dir='ltr'>primo</span> <span class='ocrx_word' id='word_1_184' title='bbox 543 1092 740 1134; x_wconf 78' lang='lat' dir='ltr'>oppositum,</span> <span class='ocrx_word' id='word_1_185' title='bbox 758 1094 903 1125; x_wconf 88' lang='lat' dir='ltr'>videlicet</span> <span class='ocrx_word' id='word_1_186' title='bbox 922 1094 1135 1132; x_wconf 86' lang='lat' dir='ltr'>mendacium,</span> <span class='ocrx_word' id='word_1_187' title='bbox 1152 1095 1211 1124; x_wconf 90' lang='lat' dir='ltr'>sub</span> <span class='ocrx_word' id='word_1_188' title='bbox 1227 1104 1304 1134; x_wconf 91' lang='lat' dir='ltr'>quo,</span> <span class='ocrx_word' id='word_1_189' title='bbox 1321 1101 1472 1135; x_wconf 86' lang='lat' dir='ltr'>tanquam</span> 
     </span>
     <span class='ocr_line' id='line_1_30' title="bbox 411 1137 1472 1178; baseline 0.002 -12"><span class='ocrx_word' id='word_1_190' title='bbox 411 1146 534 1176; x_wconf 88' lang='lat' dir='ltr'>genere,</span> <span class='ocrx_word' id='word_1_191' title='bbox 559 1137 760 1168; x_wconf 88' lang='lat' dir='ltr'>continentur</span> <span class='ocrx_word' id='word_1_192' title='bbox 783 1137 843 1168; x_wconf 86' lang='lat' dir='ltr'>alia</span> <span class='ocrx_word' id='word_1_193' title='bbox 866 1138 1023 1178; x_wconf 88' lang='lat' dir='ltr'>opposita,</span> <span class='ocrx_word' id='word_1_194' title='bbox 1043 1145 1121 1178; x_wconf 87' lang='lat' dir='ltr'>puta</span> <span class='ocrx_word' id='word_1_195' title='bbox 1144 1138 1288 1168; x_wconf 87' lang='lat' dir='ltr'>iactantia</span> <span class='ocrx_word' id='word_1_196' title='bbox 1305 1144 1335 1169; x_wconf 89' lang='lat' dir='ltr'>et</span> <span class='ocrx_word' id='word_1_197' title='bbox 1353 1137 1472 1168; x_wconf 90' lang='lat' dir='ltr'>ironia:</span> 
     </span>
     <span class='ocr_line' id='line_1_31' title="bbox 412 1180 1474 1212; baseline 0.001 -1"><span class='ocrx_word' id='word_1_198' title='bbox 412 1190 486 1211; x_wconf 87' lang='lat' dir='ltr'>cum</span> <span class='ocrx_word' id='word_1_199' title='bbox 516 1181 648 1212; x_wconf 87' lang='lat' dir='ltr'>aliarum</span> <span class='ocrx_word' id='word_1_200' title='bbox 671 1180 824 1212; x_wconf 84' lang='lat' dir='ltr'>virtutum</span> <span class='ocrx_word' id='word_1_201' title='bbox 847 1182 878 1211; x_wconf 89' lang='lat' dir='ltr'>in</span> <span class='ocrx_word' id='word_1_202' title='bbox 903 1181 1009 1212; x_wconf 86' lang='lat' dir='ltr'>medio</span> <span class='ocrx_word' id='word_1_203' title='bbox 1034 1182 1170 1212; x_wconf 85' lang='lat' dir='ltr'>duarum</span> <span class='ocrx_word' id='word_1_204' title='bbox 1197 1180 1388 1212; x_wconf 77' lang='lat' dir='ltr'>malitiarum</span> <span class='ocrx_word' id='word_1_205' title='bbox 1411 1181 1474 1212; x_wconf 85' lang='lat' dir='ltr'>exi-</span> 
     </span>
     <span class='ocr_line' id='line_1_32' title="bbox 412 1225 1472 1266; baseline 0 -10"><span class='ocrx_word' id='word_1_206' title='bbox 412 1225 581 1261; x_wconf 81' lang='lat' dir='ltr'>stentium,</span> <span class='ocrx_word' id='word_1_207' title='bbox 606 1226 754 1266; x_wconf 83' lang='lat' dir='ltr'>opposita</span> <span class='ocrx_word' id='word_1_208' title='bbox 777 1226 974 1266; x_wconf 81' lang='lat' dir='ltr'>assignentur</span> <span class='ocrx_word' id='word_1_209' title='bbox 995 1225 1176 1256; x_wconf 88' lang='lat' dir='ltr'>immediate</span> <span class='ocrx_word' id='word_1_210' title='bbox 1201 1232 1353 1261; x_wconf 85' lang='lat' dir='ltr'>extrema,</span> <span class='ocrx_word' id='word_1_211' title='bbox 1379 1233 1417 1256; x_wconf 92' lang='lat' dir='ltr'>ut</span> <span class='ocrx_word' id='word_1_212' title='bbox 1437 1225 1472 1255; x_wconf 90' lang='lat' dir='ltr'>li—</span> 
     </span>
     <span class='ocr_line' id='line_1_33' title="bbox 411 1269 1473 1310; baseline 0.001 -11"><span class='ocrx_word' id='word_1_213' title='bbox 411 1269 564 1300; x_wconf 75' lang='lat' dir='ltr'>beralitati</span> <span class='ocrx_word' id='word_1_214' title='bbox 594 1269 721 1300; x_wconf 75' lang='lat' dir='ltr'>avaritia</span> <span class='ocrx_word' id='word_1_215' title='bbox 749 1276 789 1300; x_wconf 55' lang='lat' dir='ltr'>et*</span> <span class='ocrx_word' id='word_1_216' title='bbox 808 1269 1024 1310; x_wconf 75' lang='lat' dir='ltr'>prodigalitas,</span> <span class='ocrx_word' id='word_1_217' title='bbox 1048 1277 1079 1300; x_wconf 87' lang='lat' dir='ltr'>et</span> <span class='ocrx_word' id='word_1_218' title='bbox 1108 1269 1152 1300; x_wconf 88' lang='lat' dir='ltr'>sic</span> <span class='ocrx_word' id='word_1_219' title='bbox 1183 1270 1222 1300; x_wconf 89' lang='lat' dir='ltr'>de</span> <span class='ocrx_word' id='word_1_220' title='bbox 1245 1269 1323 1300; x_wconf 86' lang='lat' dir='ltr'>aliis.</span> <span class='ocrx_word' id='word_1_221' title='bbox 1350 1269 1473 1300; x_wconf 81' lang='lat' dir='ltr'>Accidit</span> 
     </span>
     <span class='ocr_line' id='line_1_34' title="bbox 411 1313 1473 1354; baseline 0 -10"><span class='ocrx_word' id='word_1_222' title='bbox 411 1321 518 1345; x_wconf 85' lang='lat' dir='ltr'>autem</span> <span class='ocrx_word' id='word_1_223' title='bbox 541 1314 603 1344; x_wconf 83' lang='lat' dir='ltr'>hoc</span> <span class='ocrx_word' id='word_1_224' title='bbox 626 1313 707 1346; x_wconf 83' lang='lat' dir='ltr'>forte</span> <span class='ocrx_word' id='word_1_225' title='bbox 730 1314 805 1354; x_wconf 84' lang='lat' dir='ltr'>quia</span> <span class='ocrx_word' id='word_1_226' title='bbox 827 1314 1068 1350; x_wconf 70' lang='lat' dir='ltr'>innominatum</span> <span class='ocrx_word' id='word_1_227' title='bbox 1087 1321 1134 1344; x_wconf 88' lang='lat' dir='ltr'>est</span> <span class='ocrx_word' id='word_1_228' title='bbox 1151 1313 1184 1344; x_wconf 90' lang='lat' dir='ltr'>in</span> <span class='ocrx_word' id='word_1_229' title='bbox 1201 1313 1269 1345; x_wconf 81' lang='lat' dir='ltr'>aliis</span> <span class='ocrx_word' id='word_1_230' title='bbox 1284 1324 1387 1354; x_wconf 81' lang='lat' dir='ltr'>genus</span> <span class='ocrx_word' id='word_1_231' title='bbox 1401 1324 1473 1354; x_wconf 89' lang='lat' dir='ltr'>pro-</span> 
     </span>
     <span class='ocr_line' id='line_1_35' title="bbox 411 1357 1472 1398; baseline 0 -10"><span class='ocrx_word' id='word_1_232' title='bbox 411 1358 533 1388; x_wconf 87' lang='lat' dir='ltr'>ximum</span> <span class='ocrx_word' id='word_1_233' title='bbox 557 1357 722 1398; x_wconf 83' lang='lat' dir='ltr'>utriusque</span> <span class='ocrx_word' id='word_1_234' title='bbox 744 1357 810 1388; x_wconf 89' lang='lat' dir='ltr'>vitii</span> <span class='ocrx_word' id='word_1_235' title='bbox 835 1358 989 1392; x_wconf 47' lang='lat' dir='ltr'>extremi:¹</span> <span class='ocrx_word' id='word_1_236' title='bbox 1003 1358 1036 1389; x_wconf 90' lang='lat' dir='ltr'>in</span> <span class='ocrx_word' id='word_1_237' title='bbox 1059 1358 1119 1390; x_wconf 76' lang='lat' dir='ltr'>hac</span> <span class='ocrx_word' id='word_1_238' title='bbox 1140 1365 1247 1390; x_wconf 83' lang='lat' dir='ltr'>autem</span> <span class='ocrx_word' id='word_1_239' title='bbox 1270 1358 1401 1390; x_wconf 84' lang='lat' dir='ltr'>materia</span> <span class='ocrx_word' id='word_1_240' title='bbox 1415 1368 1472 1388; x_wconf 83' lang='lat' dir='ltr'>no—</span> 
     </span>
     <span class='ocr_line' id='line_1_36' title="bbox 412 1400 1472 1445; baseline 0.001 -14"><span class='ocrx_word' id='word_1_241' title='bbox 412 1401 551 1432; x_wconf 85' lang='lat' dir='ltr'>minatur</span> <span class='ocrx_word' id='word_1_242' title='bbox 573 1400 772 1433; x_wconf 80' lang='lat' dir='ltr'>mendacium</span> <span class='ocrx_word' id='word_1_243' title='bbox 795 1404 844 1444; x_wconf 77' lang='lat' dir='ltr'>(ut</span> <span class='ocrx_word' id='word_1_244' title='bbox 861 1402 1001 1440; x_wconf 83' lang='lat' dir='ltr'>continet</span> <span class='ocrx_word' id='word_1_245' title='bbox 1015 1402 1110 1433; x_wconf 86' lang='lat' dir='ltr'>etiam</span> <span class='ocrx_word' id='word_1_246' title='bbox 1125 1402 1157 1432; x_wconf 89' lang='lat' dir='ltr'>in</span> <span class='ocrx_word' id='word_1_247' title='bbox 1174 1412 1207 1432; x_wconf 90' lang='lat' dir='ltr'>se</span> <span class='ocrx_word' id='word_1_248' title='bbox 1222 1401 1472 1445; x_wconf 82' lang='lat' dir='ltr'>simulationem)</span> 
     </span>
     <span class='ocr_line' id='line_1_37' title="bbox 410 1445 1473 1487; baseline 0.001 -11"><span class='ocrx_word' id='word_1_249' title='bbox 410 1454 510 1485; x_wconf 86' lang='lat' dir='ltr'>genus</span> <span class='ocrx_word' id='word_1_250' title='bbox 534 1446 715 1486; x_wconf 83' lang='lat' dir='ltr'>proximum</span> <span class='ocrx_word' id='word_1_251' title='bbox 739 1445 905 1487; x_wconf 81' lang='lat' dir='ltr'>utriusque</span> <span class='ocrx_word' id='word_1_252' title='bbox 925 1445 993 1479; x_wconf 83' lang='lat' dir='ltr'>vitii</span> <span class='ocrx_word' id='word_1_253' title='bbox 1017 1446 1146 1478; x_wconf 86' lang='lat' dir='ltr'>extremi</span> <span class='ocrx_word' id='word_1_254' title='bbox 1170 1447 1310 1487; x_wconf 87' lang='lat' dir='ltr'>oppositi</span> <span class='ocrx_word' id='word_1_255' title='bbox 1337 1446 1473 1483; x_wconf 83' lang='lat' dir='ltr'>veritati,</span> 
     </span>
     <span class='ocr_line' id='line_1_38' title="bbox 412 1488 565 1530; baseline 0 -10"><span class='ocrx_word' id='word_1_256' title='bbox 412 1497 448 1520; x_wconf 84' lang='lat' dir='ltr'>ut</span> <span class='ocrx_word' id='word_1_257' title='bbox 469 1488 565 1530; x_wconf 80' lang='lat' dir='ltr'>patet.</span> 
     </span>
    </p>

    <p class='ocr_par' dir='ltr' id='par_1_15' title="bbox 410 1534 1474 1841">
     <span class='ocr_line' id='line_1_39' title="bbox 465 1534 1474 1575; baseline 0.001 -11"><span class='ocrx_word' id='word_1_258' title='bbox 465 1534 648 1564; x_wconf 84' lang='lat' dir='ltr'>Secundum</span> <span class='ocrx_word' id='word_1_259' title='bbox 671 1541 718 1565; x_wconf 81' lang='lat' dir='ltr'>est</span> <span class='ocrx_word' id='word_1_260' title='bbox 739 1534 828 1575; x_wconf 87' lang='lat' dir='ltr'>quod</span> <span class='ocrx_word' id='word_1_261' title='bbox 852 1534 891 1565; x_wconf 86' lang='lat' dir='ltr'>de</span> <span class='ocrx_word' id='word_1_262' title='bbox 914 1534 1041 1566; x_wconf 63' lang='lat' dir='ltr'>ratione&gt;</span> <span class='ocrx_word' id='word_1_263' title='bbox 1059 1535 1214 1566; x_wconf 87' lang='lat' dir='ltr'>mendacii</span> <span class='ocrx_word' id='word_1_264' title='bbox 1237 1535 1405 1575; x_wconf 85' lang='lat' dir='ltr'>perniciosi</span> <span class='ocrx_word' id='word_1_265' title='bbox 1429 1543 1474 1566; x_wconf 79' lang='lat' dir='ltr'>est</span> 
     </span>
     <span class='ocr_line' id='line_1_40' title="bbox 410 1578 1473 1614; baseline 0.001 -5"><span class='ocrx_word' id='word_1_266' title='bbox 410 1578 542 1610; x_wconf 82' lang='lat' dir='ltr'>intentio</span> <span class='ocrx_word' id='word_1_267' title='bbox 567 1578 713 1614; x_wconf 82' lang='lat' dir='ltr'>nocendi,</span> <span class='ocrx_word' id='word_1_268' title='bbox 729 1585 765 1610; x_wconf 90' lang='lat' dir='ltr'>ut</span> <span class='ocrx_word' id='word_1_269' title='bbox 780 1578 812 1610; x_wconf 86' lang='lat' dir='ltr'>in</span> <span class='ocrx_word' id='word_1_270' title='bbox 828 1579 933 1614; x_wconf 72' lang='lat' dir='ltr'>littera</span> <span class='ocrx_word' id='word_1_271' title='bbox 945 1578 1071 1612; x_wconf 85' lang='lat' dir='ltr'>dicitur:</span> <span class='ocrx_word' id='word_1_272' title='bbox 1096 1579 1177 1613; x_wconf 82' lang='lat' dir='ltr'>sicut</span> <span class='ocrx_word' id='word_1_273' title='bbox 1192 1579 1231 1611; x_wconf 86' lang='lat' dir='ltr'>de</span> <span class='ocrx_word' id='word_1_274' title='bbox 1247 1579 1368 1611; x_wconf 75' lang='lat' dir='ltr'>ratione</span> <span class='ocrx_word' id='word_1_275' title='bbox 1387 1589 1473 1611; x_wconf 78' lang='lat' dir='ltr'>men—</span> 
     </span>
     <span class='ocr_line' id='line_1_41' title="bbox 411 1622 1471 1660; baseline 0.002 -8"><span class='ocrx_word' id='word_1_276' title='bbox 411 1622 489 1652; x_wconf 87' lang='lat' dir='ltr'>dacii</span> <span class='ocrx_word' id='word_1_277' title='bbox 513 1622 613 1653; x_wconf 90' lang='lat' dir='ltr'>iocosi</span> <span class='ocrx_word' id='word_1_278' title='bbox 637 1629 682 1653; x_wconf 89' lang='lat' dir='ltr'>est</span> <span class='ocrx_word' id='word_1_279' title='bbox 705 1622 838 1653; x_wconf 87' lang='lat' dir='ltr'>intentio</span> <span class='ocrx_word' id='word_1_280' title='bbox 864 1623 1047 1660; x_wconf 81' lang='lat' dir='ltr'>delectandi,</span> <span class='ocrx_word' id='word_1_281' title='bbox 1073 1630 1102 1654; x_wconf 88' lang='lat' dir='ltr'>et</span> <span class='ocrx_word' id='word_1_282' title='bbox 1126 1624 1163 1654; x_wconf 92' lang='lat' dir='ltr'>de</span> <span class='ocrx_word' id='word_1_283' title='bbox 1188 1623 1308 1654; x_wconf 88' lang='lat' dir='ltr'>ratione</span> <span class='ocrx_word' id='word_1_284' title='bbox 1339 1622 1471 1655; x_wconf 83' lang='lat' dir='ltr'>officiosi</span> 
     </span>
     <span class='ocr_line' id='line_1_42' title="bbox 411 1666 1472 1708; baseline 0.001 -11"><span class='ocrx_word' id='word_1_285' title='bbox 411 1674 457 1697; x_wconf 91' lang='lat' dir='ltr'>est</span> <span class='ocrx_word' id='word_1_286' title='bbox 486 1666 618 1698; x_wconf 89' lang='lat' dir='ltr'>intentio</span> <span class='ocrx_word' id='word_1_287' title='bbox 652 1667 819 1698; x_wconf 81' lang='lat' dir='ltr'>utilitatem</span> <span class='ocrx_word' id='word_1_288' title='bbox 843 1667 1001 1702; x_wconf 81' lang='lat' dir='ltr'>afferendi.</span> <span class='ocrx_word' id='word_1_289' title='bbox 1034 1668 1075 1698; x_wconf 91' lang='lat' dir='ltr'>Et</span> <span class='ocrx_word' id='word_1_290' title='bbox 1098 1668 1252 1708; x_wconf 84' lang='lat' dir='ltr'>quoniam</span> <span class='ocrx_word' id='word_1_291' title='bbox 1276 1667 1408 1699; x_wconf 82' lang='lat' dir='ltr'>moralia</span> <span class='ocrx_word' id='word_1_292' title='bbox 1428 1679 1472 1698; x_wconf 91' lang='lat' dir='ltr'>se-</span> 
     </span>
     <span class='ocr_line' id='line_1_43' title="bbox 411 1710 1473 1752; baseline 0.001 -11"><span class='ocrx_word' id='word_1_293' title='bbox 411 1711 552 1742; x_wconf 86' lang='lat' dir='ltr'>cundum</span> <span class='ocrx_word' id='word_1_294' title='bbox 584 1710 742 1742; x_wconf 85' lang='lat' dir='ltr'>intentum</span> <span class='ocrx_word' id='word_1_295' title='bbox 772 1710 869 1742; x_wconf 84' lang='lat' dir='ltr'>finem</span> <span class='ocrx_word' id='word_1_296' title='bbox 892 1711 1028 1742; x_wconf 84' lang='lat' dir='ltr'>maxime</span> <span class='ocrx_word' id='word_1_297' title='bbox 1051 1718 1224 1752; x_wconf 83' lang='lat' dir='ltr'>pensantur</span> <span class='ocrx_word' id='word_1_298' title='bbox 1247 1719 1278 1742; x_wconf 92' lang='lat' dir='ltr'>et</span> <span class='ocrx_word' id='word_1_299' title='bbox 1299 1711 1473 1743; x_wconf 82' lang='lat' dir='ltr'>formaliter</span> 
     </span>
     <span class='ocr_line' id='line_1_44' title="bbox 410 1754 1473 1798; baseline 0.001 -13"><span class='ocrx_word' id='word_1_300' title='bbox 410 1755 656 1791; x_wconf 84' lang='lat' dir='ltr'>considerantur,</span> <span class='ocrx_word' id='word_1_301' title='bbox 680 1754 753 1785; x_wconf 90' lang='lat' dir='ltr'>hinc</span> <span class='ocrx_word' id='word_1_302' title='bbox 777 1755 882 1786; x_wconf 81' lang='lat' dir='ltr'>habes·</span> <span class='ocrx_word' id='word_1_303' title='bbox 895 1755 994 1798; x_wconf 45' lang='lat' dir='ltr'>quod*</span> <span class='ocrx_word' id='word_1_304' title='bbox 1007 1754 1094 1787; x_wconf 81' lang='lat' dir='ltr'>sicut</span> <span class='ocrx_word' id='word_1_305' title='bbox 1104 1755 1269 1787; x_wconf 82' lang='lat' dir='ltr'>detrahens</span> <span class='ocrx_word' id='word_1_306' title='bbox 1285 1766 1352 1786; x_wconf 80' lang='lat' dir='ltr'>non</span> <span class='ocrx_word' id='word_1_307' title='bbox 1372 1756 1473 1787; x_wconf 86' lang='lat' dir='ltr'>inten-</span> 
     </span>
     <span class='ocr_line' id='line_1_45' title="bbox 410 1799 1473 1841; baseline 0.001 -11"><span class='ocrx_word' id='word_1_308' title='bbox 410 1799 496 1830; x_wconf 87' lang='lat' dir='ltr'>tione</span> <span class='ocrx_word' id='word_1_309' title='bbox 519 1799 712 1836; x_wconf 79' lang='lat' dir='ltr'>detrahendi,</span> <span class='ocrx_word' id='word_1_310' title='bbox 730 1809 795 1830; x_wconf 88' lang='lat' dir='ltr'>non</span> <span class='ocrx_word' id='word_1_311' title='bbox 819 1799 994 1831; x_wconf 80' lang='lat' dir='ltr'>formaliter</span> <span class='ocrx_word' id='word_1_312' title='bbox 1015 1800 1158 1837; x_wconf 78' lang='lat' dir='ltr'>detrahit,</span> <span class='ocrx_word' id='word_1_313' title='bbox 1176 1810 1233 1831; x_wconf 90' lang='lat' dir='ltr'>nec</span> <span class='ocrx_word' id='word_1_314' title='bbox 1257 1807 1366 1841; x_wconf 83' lang='lat' dir='ltr'>peccat</span> <span class='ocrx_word' id='word_1_315' title='bbox 1388 1810 1473 1831; x_wconf 90' lang='lat' dir='ltr'>mor-</span> 
     </span>
    </p>
   </div>
   <div class='ocr_carea' id='block_1_14' title="bbox 1525 958 2591 1842">
    <p class='ocr_par' dir='ltr' id='par_1_16' title="bbox 1525 958 2591 1312">
     <span class='ocr_line' id='line_1_46' title="bbox 1525 958 2590 1002; baseline 0.007 -11"><span class='ocrx_word' id='word_1_316' title='bbox 1525 961 1627 992; x_wconf 83' lang='lat' dir='ltr'>taliter</span> <span class='ocrx_word' id='word_1_317' title='bbox 1649 962 1707 992; x_wconf 87' lang='lat' dir='ltr'>nisi</span> <span class='ocrx_word' id='word_1_318' title='bbox 1732 962 1812 993; x_wconf 87' lang='lat' dir='ltr'>forte</span> <span class='ocrx_word' id='word_1_319' title='bbox 1836 972 1894 1002; x_wconf 88' lang='lat' dir='ltr'>per</span> <span class='ocrx_word' id='word_1_320' title='bbox 1907 962 2060 999; x_wconf 77' lang='lat' dir='ltr'>accidens,</span> <span class='ocrx_word' id='word_1_321' title='bbox 2077 962 2199 994; x_wconf 71' lang='lat' dir='ltr'>ratione</span> <span class='ocrx_word' id='word_1_322' title='bbox 2222 958 2406 996; x_wconf 80' lang='lat' dir='ltr'>nocumenti</span> <span class='ocrx_word' id='word_1_323' title='bbox 2428 965 2522 998; x_wconf 84' lang='lat' dir='ltr'>illati:</span> <span class='ocrx_word' id='word_1_324' title='bbox 2546 967 2590 998; x_wconf 89' lang='lat' dir='ltr'>ita</span> 
     </span>
     <span class='ocr_line' id='line_1_47' title="bbox 1526 1005 2589 1047; baseline 0.007 -12"><span class='ocrx_word' id='word_1_325' title='bbox 1526 1005 1689 1045; x_wconf 84' lang='lat' dir='ltr'>proferens</span> <span class='ocrx_word' id='word_1_326' title='bbox 1713 1007 1916 1037; x_wconf 83' lang='lat' dir='ltr'>mendacium</span> <span class='ocrx_word' id='word_1_327' title='bbox 1939 1007 2153 1047; x_wconf 81' lang='lat' dir='ltr'>perniciosum</span> <span class='ocrx_word' id='word_1_328' title='bbox 2177 1017 2243 1038; x_wconf 90' lang='lat' dir='ltr'>non</span> <span class='ocrx_word' id='word_1_329' title='bbox 2258 1008 2378 1039; x_wconf 57' lang='lat' dir='ltr'>animo*</span> <span class='ocrx_word' id='word_1_330' title='bbox 2392 1011 2536 1047; x_wconf 84' lang='lat' dir='ltr'>nocendi,</span> <span class='ocrx_word' id='word_1_331' title='bbox 2553 1011 2589 1042; x_wconf 88' lang='lat' dir='ltr'>li-</span> 
     </span>
     <span class='ocr_line' id='line_1_48' title="bbox 1526 1050 2590 1088; baseline 0.006 -8"><span class='ocrx_word' id='word_1_332' title='bbox 1526 1057 1575 1080; x_wconf 87' lang='lat' dir='ltr'>cet</span> <span class='ocrx_word' id='word_1_333' title='bbox 1590 1050 1629 1080; x_wconf 89' lang='lat' dir='ltr'>sit</span> <span class='ocrx_word' id='word_1_334' title='bbox 1645 1050 1819 1082; x_wconf 81' lang='lat' dir='ltr'>formaliter</span> <span class='ocrx_word' id='word_1_335' title='bbox 1837 1052 1981 1088; x_wconf 67' lang='lat' dir='ltr'>mendax,</span> <span class='ocrx_word' id='word_1_336' title='bbox 2000 1062 2066 1083; x_wconf 89' lang='lat' dir='ltr'>non</span> <span class='ocrx_word' id='word_1_337' title='bbox 2080 1059 2186 1087; x_wconf 77' lang='lat' dir='ltr'>tamen</span> <span class='ocrx_word' id='word_1_338' title='bbox 2203 1059 2249 1085; x_wconf 82' lang='lat' dir='ltr'>est</span> <span class='ocrx_word' id='word_1_339' title='bbox 2264 1052 2441 1085; x_wconf 74' lang='lat' dir='ltr'>forunliter</span> <span class='ocrx_word' id='word_1_340' title='bbox 2452 1056 2590 1086; x_wconf 80' lang='lat' dir='ltr'>mendax</span> 
     </span>
     <span class='ocr_line' id='line_1_49' title="bbox 1526 1094 2588 1140; baseline 0.006 -16"><span class='ocrx_word' id='word_1_341' title='bbox 1526 1094 1736 1133; x_wconf 83' lang='lat' dir='ltr'>perniciosus;</span> <span class='ocrx_word' id='word_1_342' title='bbox 1761 1105 1818 1126; x_wconf 90' lang='lat' dir='ltr'>nec</span> <span class='ocrx_word' id='word_1_343' title='bbox 1841 1103 1950 1136; x_wconf 84' lang='lat' dir='ltr'>peccat</span> <span class='ocrx_word' id='word_1_344' title='bbox 1972 1096 2156 1131; x_wconf 78' lang='lat' dir='ltr'>mortaliter,</span> <span class='ocrx_word' id='word_1_345' title='bbox 2168 1096 2233 1128; x_wconf 83' lang='lat' dir='ltr'>nisi</span> <span class='ocrx_word' id='word_1_346' title='bbox 2255 1096 2337 1128; x_wconf 83' lang='lat' dir='ltr'>forte</span> <span class='ocrx_word' id='word_1_347' title='bbox 2352 1099 2588 1140; x_wconf 53' lang='lat' dir='ltr'>peraccidenffi</span> 
     </span>
     <span class='ocr_line' id='line_1_50' title="bbox 1525 1137 2590 1182; baseline 0.007 -14"><span class='ocrx_word' id='word_1_348' title='bbox 1525 1137 1646 1168; x_wconf 87' lang='lat' dir='ltr'>ratione</span> <span class='ocrx_word' id='word_1_349' title='bbox 1669 1138 1785 1170; x_wconf 87' lang='lat' dir='ltr'>scilicet</span> <span class='ocrx_word' id='word_1_350' title='bbox 1808 1139 1964 1176; x_wconf 86' lang='lat' dir='ltr'>materiae,</span> <span class='ocrx_word' id='word_1_351' title='bbox 1990 1147 2067 1180; x_wconf 88' lang='lat' dir='ltr'>puta</span> <span class='ocrx_word' id='word_1_352' title='bbox 2090 1141 2165 1182; x_wconf 86' lang='lat' dir='ltr'>quia</span> <span class='ocrx_word' id='word_1_353' title='bbox 2187 1141 2220 1171; x_wconf 92' lang='lat' dir='ltr'>in</span> <span class='ocrx_word' id='word_1_354' title='bbox 2245 1142 2386 1175; x_wconf 85' lang='lat' dir='ltr'>doctrina</span> <span class='ocrx_word' id='word_1_355' title='bbox 2408 1141 2482 1178; x_wconf 88' lang='lat' dir='ltr'>fidei</span> <span class='ocrx_word' id='word_1_356' title='bbox 2501 1154 2590 1175; x_wconf 88' lang='lat' dir='ltr'>men-</span> 
     </span>
     <span class='ocr_line' id='line_1_51' title="bbox 1526 1180 2588 1228; baseline 0.007 -17"><span class='ocrx_word' id='word_1_357' title='bbox 1526 1181 1615 1217; x_wconf 90' lang='lat' dir='ltr'>titur;</span> <span class='ocrx_word' id='word_1_358' title='bbox 1639 1181 1689 1212; x_wconf 85' lang='lat' dir='ltr'>vel</span> <span class='ocrx_word' id='word_1_359' title='bbox 1713 1182 1832 1213; x_wconf 87' lang='lat' dir='ltr'>ratione</span> <span class='ocrx_word' id='word_1_360' title='bbox 1852 1183 1959 1214; x_wconf 86' lang='lat' dir='ltr'>damni</span> <span class='ocrx_word' id='word_1_361' title='bbox 1981 1180 2015 1214; x_wconf 86' lang='lat' dir='ltr'>in</span> <span class='ocrx_word' id='word_1_362' title='bbox 2039 1184 2196 1221; x_wconf 86' lang='lat' dir='ltr'>audiente,</span> <span class='ocrx_word' id='word_1_363' title='bbox 2214 1191 2290 1226; x_wconf 87' lang='lat' dir='ltr'>puta</span> <span class='ocrx_word' id='word_1_364' title='bbox 2314 1186 2399 1228; x_wconf 87' lang='lat' dir='ltr'>quia,</span> <span class='ocrx_word' id='word_1_365' title='bbox 2420 1187 2588 1225; x_wconf 84' lang='lat' dir='ltr'>credendo,</span> 
     </span>
     <span class='ocr_line' id='line_1_52' title="bbox 1526 1225 2591 1271; baseline 0.008 -16"><span class='ocrx_word' id='word_1_366' title='bbox 1526 1225 1686 1256; x_wconf 87' lang='lat' dir='ltr'>commisit</span> <span class='ocrx_word' id='word_1_367' title='bbox 1708 1233 1782 1266; x_wconf 80' lang='lat' dir='ltr'>post</span> <span class='ocrx_word' id='word_1_368' title='bbox 1803 1227 1949 1263; x_wconf 83' lang='lat' dir='ltr'>mortale;</span> <span class='ocrx_word' id='word_1_369' title='bbox 1974 1228 2024 1258; x_wconf 85' lang='lat' dir='ltr'>vel</span> <span class='ocrx_word' id='word_1_370' title='bbox 2041 1228 2078 1259; x_wconf 61' lang='lat' dir='ltr'>in&gt;</span> <span class='ocrx_word' id='word_1_371' title='bbox 2098 1238 2306 1271; x_wconf 85' lang='lat' dir='ltr'>quocumque</span> <span class='ocrx_word' id='word_1_372' title='bbox 2324 1229 2387 1261; x_wconf 82' lang='lat' dir='ltr'>alio</span> <span class='ocrx_word' id='word_1_373' title='bbox 2410 1231 2591 1263; x_wconf 75' lang='lat' dir='ltr'>notabiliter</span> 
     </span>
     <span class='ocr_line' id='line_1_53' title="bbox 1526 1271 1990 1312; baseline 0.006 -13"><span class='ocrx_word' id='word_1_374' title='bbox 1526 1277 1694 1311; x_wconf 84' lang='lat' dir='ltr'>propterea</span> <span class='ocrx_word' id='word_1_375' title='bbox 1711 1271 1816 1301; x_wconf 81' lang='lat' dir='ltr'>laesus</span> <span class='ocrx_word' id='word_1_376' title='bbox 1838 1271 1910 1312; x_wconf 91' lang='lat' dir='ltr'>quis</span> <span class='ocrx_word' id='word_1_377' title='bbox 1934 1278 1990 1303; x_wconf 85' lang='lat' dir='ltr'>est.</span> 
     </span>
    </p>

    <p class='ocr_par' dir='ltr' id='par_1_17' title="bbox 1525 1314 2591 1533">
     <span class='ocr_line' id='line_1_54' title="bbox 1582 1314 2589 1352; baseline 0.007 -7"><span class='ocrx_word' id='word_1_378' title='bbox 1582 1314 1621 1345; x_wconf 84' lang='lat'>11.</span> <span class='ocrx_word' id='word_1_379' title='bbox 1644 1314 1679 1344; x_wconf 90' lang='lat' dir='ltr'>In</span> <span class='ocrx_word' id='word_1_380' title='bbox 1703 1315 1817 1346; x_wconf 81' lang='lat' dir='ltr'>eodem</span> <span class='ocrx_word' id='word_1_381' title='bbox 1841 1316 1982 1347; x_wconf 74' lang='lat' dir='ltr'>secundo</span> <span class='ocrx_word' id='word_1_382' title='bbox 2004 1315 2137 1347; x_wconf 69' lang='lat' dir='ltr'>articulo</span> <span class='ocrx_word' id='word_1_383' title='bbox 2162 1317 2296 1349; x_wconf 80' lang='lat' dir='ltr'>dubium</span> <span class='ocrx_word' id='word_1_384' title='bbox 2317 1318 2515 1351; x_wconf 65' lang='lat' dir='ltr'>novitiorum</span> <span class='ocrx_word' id='word_1_385' title='bbox 2537 1329 2589 1352; x_wconf 76' lang='lat' dir='ltr'>oc·</span> 
     </span>
     <span class='ocr_line' id='line_1_55' title="bbox 1526 1358 2590 1405; baseline 0.006 -16"><span class='ocrx_word' id='word_1_386' title='bbox 1526 1358 1631 1395; x_wconf 86' lang='lat' dir='ltr'>currit,</span> <span class='ocrx_word' id='word_1_387' title='bbox 1648 1368 1714 1400; x_wconf 87' lang='lat' dir='ltr'>quo</span> <span class='ocrx_word' id='word_1_388' title='bbox 1738 1366 1831 1400; x_wconf 87' lang='lat' dir='ltr'>pacto</span> <span class='ocrx_word' id='word_1_389' title='bbox 1855 1359 2058 1391; x_wconf 84' lang='lat' dir='ltr'>mendacium</span> <span class='ocrx_word' id='word_1_390' title='bbox 2081 1360 2228 1398; x_wconf 83' lang='lat' dir='ltr'>iocosum</span> <span class='ocrx_word' id='word_1_391' title='bbox 2250 1371 2291 1392; x_wconf 75' lang='lat' dir='ltr'>ex</span> <span class='ocrx_word' id='word_1_392' title='bbox 2309 1362 2590 1405; x_wconf 52' lang='grc' dir='ltr'>ἱᾳζεηςὶοῃο-ἀςῑεψ</span> 
     </span>
     <span class='ocr_line' id='line_1_56' title="bbox 1526 1401 2589 1445; baseline 0.007 -12"><span class='ocrx_word' id='word_1_393' title='bbox 1526 1401 1640 1438; x_wconf 85' lang='lat' dir='ltr'>ctandi,</span> <span class='ocrx_word' id='word_1_394' title='bbox 1658 1409 1689 1433; x_wconf 87' lang='lat' dir='ltr'>et</span> <span class='ocrx_word' id='word_1_395' title='bbox 1711 1402 1853 1434; x_wconf 88' lang='lat' dir='ltr'>similiter</span> <span class='ocrx_word' id='word_1_396' title='bbox 1869 1402 2050 1434; x_wconf 85' lang='lat' dir='ltr'>officiosum</span> <span class='ocrx_word' id='word_1_397' title='bbox 2066 1414 2103 1435; x_wconf 86' lang='lat' dir='ltr'>ex</span> <span class='ocrx_word' id='word_1_398' title='bbox 2118 1404 2294 1443; x_wconf 82' lang='lat' dir='ltr'>intentione</span> <span class='ocrx_word' id='word_1_399' title='bbox 2310 1406 2388 1440; x_wconf 84' lang='lat' dir='ltr'>boni</span> <span class='ocrx_word' id='word_1_400' title='bbox 2406 1407 2589 1445; x_wconf 67' lang='lat' dir='ltr'>minuatur:</span> 
     </span>
     <span class='ocr_line' id='line_1_57' title="bbox 1527 1446 2591 1494; baseline 0.007 -17"><span class='ocrx_word' id='word_1_401' title='bbox 1527 1457 1601 1477; x_wconf 91' lang='lat' dir='ltr'>cum</span> <span class='ocrx_word' id='word_1_402' title='bbox 1617 1456 1742 1488; x_wconf 87' lang='lat' dir='ltr'>semper</span> <span class='ocrx_word' id='word_1_403' title='bbox 1759 1455 1919 1479; x_wconf 78' lang='lat' dir='ltr'>remaneat</span> <span class='ocrx_word' id='word_1_404' title='bbox 1942 1448 2154 1485; x_wconf 86' lang='lat' dir='ltr'>mendacium,</span> <span class='ocrx_word' id='word_1_405' title='bbox 2171 1459 2207 1481; x_wconf 88' lang='lat' dir='ltr'>ac</span> <span class='ocrx_word' id='word_1_406' title='bbox 2230 1458 2286 1490; x_wconf 91' lang='lat' dir='ltr'>per</span> <span class='ocrx_word' id='word_1_407' title='bbox 2298 1451 2373 1488; x_wconf 80' lang='lat' dir='ltr'>hoc,</span> <span class='ocrx_word' id='word_1_408' title='bbox 2393 1446 2426 1484; x_wconf 76' lang='lat' dir='ltr'>ih</span> <span class='ocrx_word' id='word_1_409' title='bbox 2441 1462 2498 1483; x_wconf 84' lang='lat' dir='ltr'>sua</span> <span class='ocrx_word' id='word_1_410' title='bbox 2519 1453 2591 1494; x_wconf 71' lang='lat' dir='ltr'>pra-</span> 
     </span>
     <span class='ocr_line' id='line_1_58' title="bbox 1525 1490 2575 1533; baseline 0.004 -12"><span class='ocrx_word' id='word_1_411' title='bbox 1525 1490 1630 1527; x_wconf 77' lang='lat' dir='ltr'>vitaoe,</span> <span class='ocrx_word' id='word_1_412' title='bbox 1655 1500 1753 1532; x_wconf 80' lang='lat' dir='ltr'>quam</span> <span class='ocrx_word' id='word_1_413' title='bbox 1776 1491 1871 1523; x_wconf 81' lang='lat' dir='ltr'>habet</span> <span class='ocrx_word' id='word_1_414' title='bbox 1893 1501 1930 1523; x_wconf 83' lang='lat' dir='ltr'>ex</span> <span class='ocrx_word' id='word_1_415' title='bbox 1953 1502 2012 1523; x_wconf 87' lang='lat' dir='ltr'>suo</span> <span class='ocrx_word' id='word_1_416' title='bbox 2036 1501 2160 1532; x_wconf 81' lang='lat' dir='ltr'>genere.</span> <span class='ocrx_word' id='word_1_417' title='bbox 2424 1531 2427 1533; x_wconf 64' lang='lat'>‚</span> <span class='ocrx_word' id='word_1_418' title='bbox 2447 1506 2449 1509; x_wconf 95' lang='lat'>·</span> <span class='ocrx_word' id='word_1_419' title='bbox 2484 1494 2486 1497; x_wconf 82' lang='grc'>’</span> <span class='ocrx_word' id='word_1_420' title='bbox 2574 1501 2575 1507; x_wconf 72' lang='grc'>’</span> 
     </span>
    </p>

    <p class='ocr_par' dir='ltr' id='par_1_18' title="bbox 1526 1535 2591 1842">
     <span class='ocr_line' id='line_1_59' title="bbox 1583 1535 2590 1578; baseline 0.006 -12"><span class='ocrx_word' id='word_1_421' title='bbox 1583 1535 1634 1566; x_wconf 81' lang='lat' dir='ltr'>Ad</span> <span class='ocrx_word' id='word_1_422' title='bbox 1656 1535 1720 1566; x_wconf 89' lang='lat' dir='ltr'>hoc</span> <span class='ocrx_word' id='word_1_423' title='bbox 1742 1535 1856 1572; x_wconf 83' lang='lat' dir='ltr'>dicitur</span> <span class='ocrx_word' id='word_1_424' title='bbox 1871 1537 1967 1578; x_wconf 68' lang='lat' dir='ltr'>⁴qut-ad</span> <span class='ocrx_word' id='word_1_425' title='bbox 1991 1537 2066 1578; x_wconf 84' lang='lat' dir='ltr'>quia</span> <span class='ocrx_word' id='word_1_426' title='bbox 2088 1538 2212 1568; x_wconf 85' lang='lat' dir='ltr'>bonurn</span> <span class='ocrx_word' id='word_1_427' title='bbox 2234 1538 2380 1570; x_wconf 66' lang='lat' dir='ltr'>additum</span> <span class='ocrx_word' id='word_1_428' title='bbox 2402 1540 2507 1577; x_wconf 72' lang='lat' dir='ltr'>mlo,</span> <span class='ocrx_word' id='word_1_429' title='bbox 2531 1540 2590 1572; x_wconf 60' lang='lat' dir='ltr'>etsi</span> 
     </span>
     <span class='ocr_line' id='line_1_60' title="bbox 1526 1579 2589 1626; baseline 0.007 -16"><span class='ocrx_word' id='word_1_430' title='bbox 1526 1579 1606 1611; x_wconf 67' lang='lat' dir='ltr'>illud</span> <span class='ocrx_word' id='word_1_431' title='bbox 1630 1590 1695 1611; x_wconf 86' lang='lat' dir='ltr'>non</span> <span class='ocrx_word' id='word_1_432' title='bbox 1714 1580 1814 1617; x_wconf 70' lang='lat' dir='ltr'>tollat,</span> <span class='ocrx_word' id='word_1_433' title='bbox 1838 1580 1955 1612; x_wconf 86' lang='lat' dir='ltr'>minuit</span> <span class='ocrx_word' id='word_1_434' title='bbox 1977 1588 2083 1612; x_wconf 80' lang='lat' dir='ltr'>tamen</span> <span class='ocrx_word' id='word_1_435' title='bbox 2106 1581 2191 1612; x_wconf 80' lang='lat' dir='ltr'>illius</span> <span class='ocrx_word' id='word_1_436' title='bbox 2215 1583 2342 1623; x_wconf 81' lang='lat' dir='ltr'>culpam</span> <span class='ocrx_word' id='word_1_437' title='bbox 2364 1581 2486 1626; x_wconf 81' lang='lat' dir='ltr'>(minus</span> <span class='ocrx_word' id='word_1_438' title='bbox 2502 1585 2589 1617; x_wconf 77' lang='lat' dir='ltr'>enim</span> 
     </span>
     <span class='ocr_line' id='line_1_61' title="bbox 1527 1624 2591 1671; baseline 0.006 -16"><span class='ocrx_word' id='word_1_439' title='bbox 1527 1624 1693 1664; x_wconf 83' lang='lat' dir='ltr'>culpabilis</span> <span class='ocrx_word' id='word_1_440' title='bbox 1715 1624 1873 1657; x_wconf 80' lang='lat' dir='ltr'>invenitur</span> <span class='ocrx_word' id='word_1_441' title='bbox 1895 1625 1951 1668; x_wconf 68' lang='lat' dir='ltr'>qui</span> <span class='ocrx_word' id='word_1_442' title='bbox 1975 1626 2097 1657; x_wconf 85' lang='lat' dir='ltr'>malum</span> <span class='ocrx_word' id='word_1_443' title='bbox 2120 1633 2249 1667; x_wconf 86' lang='lat' dir='ltr'>propter</span> <span class='ocrx_word' id='word_1_444' title='bbox 2264 1627 2514 1671; x_wconf 45' lang='lat' dir='ltr'>bonumsquam</span> <span class='ocrx_word' id='word_1_445' title='bbox 2532 1629 2591 1670; x_wconf 68' lang='lat' dir='ltr'>qui</span> 
     </span>
     <span class='ocr_line' id='line_1_62' title="bbox 1527 1668 2589 1712; baseline 0.008 -14"><span class='ocrx_word' id='word_1_446' title='bbox 1527 1668 1671 1699; x_wconf 88' lang='lat' dir='ltr'>absolute</span> <span class='ocrx_word' id='word_1_447' title='bbox 1694 1668 1817 1699; x_wconf 89' lang='lat' dir='ltr'>malum</span> <span class='ocrx_word' id='word_1_448' title='bbox 1831 1668 1920 1700; x_wconf 85' lang='lat' dir='ltr'>facit:</span> <span class='ocrx_word' id='word_1_449' title='bbox 1945 1670 2099 1711; x_wconf 84' lang='lat' dir='ltr'>quoniam</span> <span class='ocrx_word' id='word_1_450' title='bbox 2114 1669 2157 1701; x_wconf 90' lang='lat' dir='ltr'>ibi</span> <span class='ocrx_word' id='word_1_451' title='bbox 2177 1670 2256 1702; x_wconf 87' lang='lat' dir='ltr'>ratio</span> <span class='ocrx_word' id='word_1_452' title='bbox 2276 1671 2410 1704; x_wconf 82' lang='lat' dir='ltr'>faciendi</span> <span class='ocrx_word' id='word_1_453' title='bbox 2433 1673 2518 1704; x_wconf 79' lang='lat' dir='ltr'>bona</span> <span class='ocrx_word' id='word_1_454' title='bbox 2531 1674 2589 1712; x_wconf 65' lang='lat' dir='ltr'>adr,</span> 
     </span>
     <span class='ocr_line' id='line_1_63' title="bbox 1526 1711 2588 1755; baseline 0.007 -13"><span class='ocrx_word' id='word_1_455' title='bbox 1526 1711 1691 1755; x_wconf 88' lang='lat' dir='ltr'>iungitur),</span> <span class='ocrx_word' id='word_1_456' title='bbox 1708 1712 1824 1744; x_wconf 87' lang='lat' dir='ltr'>idcirco</span> <span class='ocrx_word' id='word_1_457' title='bbox 1841 1712 1922 1744; x_wconf 85' lang='lat' dir='ltr'>dicta</span> <span class='ocrx_word' id='word_1_458' title='bbox 1939 1713 2109 1745; x_wconf 80' lang='lat' dir='ltr'>mendacia·</span> <span class='ocrx_word' id='word_1_459' title='bbox 2119 1712 2316 1752; x_wconf 78' lang='lat' dir='ltr'>alleviantur,</span> <span class='ocrx_word' id='word_1_460' title='bbox 2333 1726 2400 1747; x_wconf 89' lang='lat' dir='ltr'>non</span> <span class='ocrx_word' id='word_1_461' title='bbox 2419 1714 2588 1749; x_wconf 64' lang='lat' dir='ltr'>tolluntur}</span> 
     </span>
     <span class='ocr_line' id='line_1_64' title="bbox 1526 1756 2589 1799; baseline 0.006 -13"><span class='ocrx_word' id='word_1_462' title='bbox 1526 1756 1591 1787; x_wconf 85' lang='lat' dir='ltr'>hoc</span> <span class='ocrx_word' id='word_1_463' title='bbox 1611 1763 1671 1793; x_wconf 79' lang='lat' dir='ltr'>est,</span> <span class='ocrx_word' id='word_1_464' title='bbox 1696 1766 1761 1787; x_wconf 91' lang='lat' dir='ltr'>non</span> <span class='ocrx_word' id='word_1_465' title='bbox 1785 1763 1860 1788; x_wconf 80' lang='lat' dir='ltr'>sunt</span> <span class='ocrx_word' id='word_1_466' title='bbox 1881 1763 1985 1789; x_wconf 77' lang='lat' dir='ltr'>tantae</span> <span class='ocrx_word' id='word_1_467' title='bbox 2009 1759 2120 1799; x_wconf 66' lang='lat' dir='ltr'>culpae</span> <span class='ocrx_word' id='word_1_468' title='bbox 2143 1768 2218 1790; x_wconf 86' lang='lat' dir='ltr'>cum</span> <span class='ocrx_word' id='word_1_469' title='bbox 2242 1759 2331 1791; x_wconf 82' lang='lat' dir='ltr'>dictis</span> <span class='ocrx_word' id='word_1_470' title='bbox 2357 1760 2589 1794; x_wconf 84' lang='lat' dir='ltr'>intentionibus</span> 
     </span>
     <span class='ocr_line' id='line_1_65' title="bbox 1526 1801 2502 1842; baseline 0.004 -11"><span class='ocrx_word' id='word_1_471' title='bbox 1526 1801 1619 1832; x_wconf 87' lang='lat' dir='ltr'>bonis</span> <span class='ocrx_word' id='word_1_472' title='bbox 1642 1807 1778 1842; x_wconf 84' lang='lat' dir='ltr'>quantae</span> <span class='ocrx_word' id='word_1_473' title='bbox 1800 1808 1875 1832; x_wconf 81' lang='lat' dir='ltr'>sunt</span> <span class='ocrx_word' id='word_1_474' title='bbox 1896 1802 2040 1833; x_wconf 80' lang='lat' dir='ltr'>absolute</span> <span class='ocrx_word' id='word_1_475' title='bbox 2063 1803 2194 1842; x_wconf 73' lang='lat' dir='ltr'>prolana.</span> <span class='ocrx_word' id='word_1_476' title='bbox 2499 1825 2502 1828; x_wconf 64' lang='grc'><strong><em>«</em></strong></span> 
     </span>
    </p>
   </div>
   <div class='ocr_carea' id='block_1_15' title="bbox 1024 1971 1968 2096">
    <p class='ocr_par' dir='ltr' id='par_1_19' title="bbox 1024 1971 1968 2096">
     <span class='ocr_line' id='line_1_66' title="bbox 1209 1971 1785 2015; baseline 0.002 -2"><span class='ocrx_word' id='word_1_477' title='bbox 1209 1971 1527 2014; x_wconf 89' lang='lat' dir='ltr'>ARTICULUS</span> <span class='ocrx_word' id='word_1_478' title='bbox 1556 1972 1785 2015; x_wconf 86' lang='lat' dir='ltr'>TERTIUS</span> 
     </span>
     <span class='ocr_line' id='line_1_67' title="bbox 1024 2063 1968 2096; baseline 0.002 -2"><span class='ocrx_word' id='word_1_479' title='bbox 1024 2063 1179 2095; x_wconf 78' lang='lat' dir='ltr'><strong>UTRUM</strong></span> <span class='ocrx_word' id='word_1_480' title='bbox 1204 2063 1327 2095; x_wconf 69' lang='lat' dir='ltr'>omne</span> <span class='ocrx_word' id='word_1_481' title='bbox 1351 2063 1614 2095; x_wconf 78' lang='lat' dir='ltr'>MENDACIUM</span> <span class='ocrx_word' id='word_1_482' title='bbox 1639 2064 1706 2095; x_wconf 75' lang='lat' dir='ltr'>sir</span> <span class='ocrx_word' id='word_1_483' title='bbox 1728 2064 1968 2096; x_wconf 67' lang='lat' dir='ltr'>rEccATUM</span> 
     </span>
    </p>
   </div>
   <div class='ocr_carea' id='block_1_16' title="bbox 479 2140 2516 2179">
    <p class='ocr_par' dir='ltr' id='par_1_20' title="bbox 479 2140 2516 2179">
     <span class='ocr_line' id='line_1_68' title="bbox 479 2140 2516 2179; baseline 0.004 -13"><span class='ocrx_word' id='word_1_484' title='bbox 479 2142 568 2174; x_wconf 88' lang='lat' dir='ltr'>Supra,</span> <span class='ocrx_word' id='word_1_485' title='bbox 589 2149 634 2174; x_wconf 87' lang='lat' dir='ltr'>qu.</span> <span class='ocrx_word' id='word_1_486' title='bbox 653 2148 718 2172; x_wconf 77' lang='lat' dir='ltr'>thx,</span> <span class='ocrx_word' id='word_1_487' title='bbox 738 2146 784 2166; x_wconf 85' lang='lat' dir='ltr'>art.</span> <span class='ocrx_word' id='word_1_488' title='bbox 807 2149 828 2170; x_wconf 83' lang='lat'>1,</span> <span class='ocrx_word' id='word_1_489' title='bbox 849 2148 880 2172; x_wconf 88' lang='lat'>2;</span> <span class='ocrx_word' id='word_1_490' title='bbox 900 2141 929 2165; x_wconf 91' lang='lat' dir='ltr'>Ill</span> <span class='ocrx_word' id='word_1_491' title='bbox 950 2141 1032 2170; x_wconf 85' lang='lat' dir='ltr'>Sent.,</span> <span class='ocrx_word' id='word_1_492' title='bbox 1053 2141 1111 2166; x_wconf 87' lang='lat' dir='ltr'>dist.</span> <span class='ocrx_word' id='word_1_493' title='bbox 1130 2146 1230 2173; x_wconf 84' lang='lat' dir='ltr'>xxxvm,</span> <span class='ocrx_word' id='word_1_494' title='bbox 1251 2147 1298 2167; x_wconf 85' lang='lat' dir='ltr'>art.</span> <span class='ocrx_word' id='word_1_495' title='bbox 1322 2141 1349 2172; x_wconf 78' lang='lat'>33</span> <span class='ocrx_word' id='word_1_496' title='bbox 1370 2142 1467 2172; x_wconf 83' lang='lat' dir='ltr'>Quodl.</span> <span class='ocrx_word' id='word_1_497' title='bbox 1486 2143 1555 2172; x_wconf 79' lang='lat' dir='ltr'>VIII,</span> <span class='ocrx_word' id='word_1_498' title='bbox 1574 2151 1619 2176; x_wconf 88' lang='lat' dir='ltr'>qu.</span> <span class='ocrx_word' id='word_1_499' title='bbox 1641 2151 1675 2172; x_wconf 73' lang='lat' dir='ltr'>vr,</span> <span class='ocrx_word' id='word_1_500' title='bbox 1695 2149 1741 2168; x_wconf 79' lang='lat' dir='ltr'>art.</span> <span class='ocrx_word' id='word_1_501' title='bbox 1761 2151 1791 2174; x_wconf 87' lang='lat'>4;</span> <span class='ocrx_word' id='word_1_502' title='bbox 1812 2143 1840 2168; x_wconf 86' lang='lat' dir='ltr'>In</span> <span class='ocrx_word' id='word_1_503' title='bbox 1862 2144 1936 2169; x_wconf 85' lang='lat' dir='ltr'>Boet.</span> <span class='ocrx_word' id='word_1_504' title='bbox 1956 2145 1988 2170; x_wconf 86' lang='lat' dir='ltr'>de</span> <span class='ocrx_word' id='word_1_505' title='bbox 2010 2144 2091 2175; x_wconf 64' lang='lat' dir='ltr'>stin„</span> <span class='ocrx_word' id='word_1_506' title='bbox 2112 2150 2158 2170; x_wconf 89' lang='lat' dir='ltr'>art.</span> <span class='ocrx_word' id='word_1_507' title='bbox 2178 2153 2194 2179; x_wconf 88' lang='lat'>9</span> <span class='ocrx_word' id='word_1_508' title='bbox 2202 2154 2209 2176; x_wconf 88' lang='lat'>;</span> <span class='ocrx_word' id='word_1_509' title='bbox 2230 2146 2264 2170; x_wconf 93' lang='lat' dir='ltr'>IV</span> <span class='ocrx_word' id='word_1_510' title='bbox 2284 2140 2378 2176; x_wconf 63' lang='lat' dir='ltr'>Ethic„</span> <span class='ocrx_word' id='word_1_511' title='bbox 2399 2147 2456 2175; x_wconf 83' lang='lat' dir='ltr'>lect.</span> <span class='ocrx_word' id='word_1_512' title='bbox 2476 2155 2516 2174; x_wconf 79' lang='lat' dir='ltr'>xx.</span> 
     </span>
    </p>
   </div>
   <div class='ocr_carea' id='block_1_17' title="bbox 409 2222 620 2421">
    <p class='ocr_par' dir='ltr' id='par_1_21' title="bbox 409 2222 620 2421">
     <span class='ocr_line' id='line_1_69' title="bbox 409 2222 620 2421; baseline 0 -127"><span class='ocrx_word' id='word_1_513' title='bbox 409 2222 620 2421; x_wconf 95' lang='lat' dir='ltr'>   </span> 
     </span>
    </p>
   </div>
   <div class='ocr_carea' id='block_1_18' title="bbox 407 2221 1470 3328">
    <p class='ocr_par' dir='ltr' id='par_1_22' title="bbox 462 2221 1466 2330">
     <span class='ocr_line' id='line_1_70' title="bbox 497 2221 1466 2281; baseline -0.001 -22"><span class='ocrx_word' id='word_1_514' title='bbox 497 2236 503 2259; x_wconf 76' lang='grc'>;</span> <span class='ocrx_word' id='word_1_515' title='bbox 531 2238 598 2281; x_wconf 37' lang='grc' dir='ltr'>κη·</span> <span class='ocrx_word' id='word_1_516' title='bbox 620 2232 642 2257; x_wconf 88' lang='lat' dir='ltr'><strong>D</strong></span> <span class='ocrx_word' id='word_1_517' title='bbox 661 2231 821 2257; x_wconf 78' lang='lat' dir='ltr'><strong>TERTIUM</strong></span> <span class='ocrx_word' id='word_1_518' title='bbox 844 2232 897 2257; x_wconf 74' lang='lat' dir='ltr'>sm</span> <span class='ocrx_word' id='word_1_519' title='bbox 921 2231 1160 2258; x_wconf 71' lang='lat' dir='ltr'>Paocsmrua.</span> <span class='ocrx_word' id='word_1_520' title='bbox 1186 2221 1345 2258; x_wconf 87' lang='lat' dir='ltr'>Videtur</span> <span class='ocrx_word' id='word_1_521' title='bbox 1363 2222 1466 2270; x_wconf 92' lang='lat' dir='ltr'>quod</span> 
     </span>
     <span class='ocr_line' id='line_1_71' title="bbox 462 2267 1466 2330; baseline 0.002 -21"><span class='ocrx_word' id='word_1_522' title='bbox 462 2267 529 2323; x_wconf 37' lang='lat'>&#39;3225</span> <span class='ocrx_word' id='word_1_523' title='bbox 551 2268 599 2330; x_wconf 53' lang='grc' dir='ltr'>ἐξ)</span> <span class='ocrx_word' id='word_1_524' title='bbox 621 2285 698 2310; x_wconf 91' lang='lat' dir='ltr'>non</span> <span class='ocrx_word' id='word_1_525' title='bbox 738 2285 856 2310; x_wconf 82' lang='lat' dir='ltr'>omne</span> <span class='ocrx_word' id='word_1_526' title='bbox 891 2273 1135 2311; x_wconf 85' lang='lat' dir='ltr'>mendacium</span> <span class='ocrx_word' id='word_1_527' title='bbox 1172 2274 1218 2310; x_wconf 91' lang='lat' dir='ltr'>sit</span> <span class='ocrx_word' id='word_1_528' title='bbox 1253 2282 1466 2323; x_wconf 85' lang='lat' dir='ltr'>peccatum.</span> 
     </span>
    </p>

    <p class='ocr_par' dir='ltr' id='par_1_23' title="bbox 409 2315 1470 2693">
     <span class='ocr_line' id='line_1_72' title="bbox 486 2315 1468 2378; baseline -0.001 -13.016"><span class='ocrx_word' id='word_1_529' title='bbox 486 2369 536 2378; x_wconf 38' lang='grc' dir='ltr'><strong><em>ν</em></strong></span> <span class='ocrx_word' id='word_1_530' title='bbox 571 2315 871 2363; x_wconf 64' lang='lat' dir='ltr'>(Manifestum</span> <span class='ocrx_word' id='word_1_531' title='bbox 902 2334 958 2363; x_wconf 87' lang='lat' dir='ltr'>est</span> <span class='ocrx_word' id='word_1_532' title='bbox 985 2327 1086 2364; x_wconf 88' lang='lat' dir='ltr'>enim</span> <span class='ocrx_word' id='word_1_533' title='bbox 1124 2328 1230 2375; x_wconf 86' lang='lat' dir='ltr'>quod</span> <span class='ocrx_word' id='word_1_534' title='bbox 1267 2328 1468 2375; x_wconf 83' lang='lat' dir='ltr'>Evangeli-</span> 
     </span>
     <span class='ocr_line' id='line_1_73' title="bbox 427 2369 1468 2429; baseline 0.005 -16"><span class='ocrx_word' id='word_1_535' title='bbox 427 2372 437 2381; x_wconf 76' lang='lat'><em>&#39;</em></span> <span class='ocrx_word' id='word_1_536' title='bbox 511 2377 564 2403; x_wconf 38' lang='grc' dir='ltr'>’θ’</span> <span class='ocrx_word' id='word_1_537' title='bbox 581 2369 700 2415; x_wconf 88' lang='lat' dir='ltr'>stae</span> <span class='ocrx_word' id='word_1_538' title='bbox 727 2379 928 2416; x_wconf 81' lang='lat' dir='ltr'>scribendo</span> <span class='ocrx_word' id='word_1_539' title='bbox 958 2380 1210 2427; x_wconf 82' lang='lat' dir='ltr'>Evangelium</span> <span class='ocrx_word' id='word_1_540' title='bbox 1231 2392 1309 2417; x_wconf 83' lang='lat' dir='ltr'>non</span> <span class='ocrx_word' id='word_1_541' title='bbox 1332 2393 1468 2429; x_wconf 88' lang='lat' dir='ltr'>pecca-</span> 
     </span>
     <span class='ocr_line' id='line_1_74' title="bbox 409 2431 1467 2481; baseline 0.002 -13"><span class='ocrx_word' id='word_1_542' title='bbox 409 2440 556 2469; x_wconf 82' lang='lat' dir='ltr'>verunt.</span> <span class='ocrx_word' id='word_1_543' title='bbox 590 2431 775 2469; x_wconf 64' lang='lat' dir='ltr'>Videnanm</span> <span class='ocrx_word' id='word_1_544' title='bbox 801 2440 931 2469; x_wconf 81' lang='lat' dir='ltr'>tamen</span> <span class='ocrx_word' id='word_1_545' title='bbox 967 2432 1107 2481; x_wconf 81' lang='lat' dir='ltr'>aliquid</span> <span class='ocrx_word' id='word_1_546' title='bbox 1143 2433 1282 2470; x_wconf 81' lang='lat' dir='ltr'>falsum</span> <span class='ocrx_word' id='word_1_547' title='bbox 1309 2433 1467 2471; x_wconf 85' lang='lat' dir='ltr'>dixisse:</span> 
     </span>
     <span class='ocr_line' id='line_1_75' title="bbox 410 2484 1470 2535; baseline 0.003 -15"><span class='ocrx_word' id='word_1_548' title='bbox 410 2484 498 2533; x_wconf 69' lang='lat' dir='ltr'>qvia</span> <span class='ocrx_word' id='word_1_549' title='bbox 525 2485 645 2521; x_wconf 78' lang='lat' dir='ltr'>verba</span> <span class='ocrx_word' id='word_1_550' title='bbox 673 2485 821 2532; x_wconf 86' lang='lat' dir='ltr'>Christi,</span> <span class='ocrx_word' id='word_1_551' title='bbox 851 2493 888 2522; x_wconf 87' lang='lat' dir='ltr'>et</span> <span class='ocrx_word' id='word_1_552' title='bbox 915 2485 1029 2523; x_wconf 82' lang='lat' dir='ltr'>etiam</span> <span class='ocrx_word' id='word_1_553' title='bbox 1057 2485 1232 2533; x_wconf 66' lang='lat' dir='ltr'>aliorum,</span> <span class='ocrx_word' id='word_1_554' title='bbox 1254 2486 1470 2535; x_wconf 82' lang='lat' dir='ltr'>frequenter</span> 
     </span>
     <span class='ocr_line' id='line_1_76' title="bbox 409 2538 1469 2584; baseline 0.002 -10"><span class='ocrx_word' id='word_1_555' title='bbox 409 2538 515 2574; x_wconf 86' lang='lat' dir='ltr'>aliter</span> <span class='ocrx_word' id='word_1_556' title='bbox 542 2549 645 2574; x_wconf 82' lang='lat' dir='ltr'>unus</span> <span class='ocrx_word' id='word_1_557' title='bbox 670 2546 706 2575; x_wconf 79' lang='lat' dir='ltr'>et</span> <span class='ocrx_word' id='word_1_558' title='bbox 738 2538 848 2575; x_wconf 61' lang='lat' dir='ltr'>aliter*</span> <span class='ocrx_word' id='word_1_559' title='bbox 877 2538 1000 2575; x_wconf 78' lang='lat' dir='ltr'>retulit</span> <span class='ocrx_word' id='word_1_560' title='bbox 1027 2538 1142 2584; x_wconf 57' lang='lat' dir='ltr'>alium</span> <span class='ocrx_word' id='word_1_561' title='bbox 1182 2540 1284 2576; x_wconf 82' lang='lat' dir='ltr'>unde</span> <span class='ocrx_word' id='word_1_562' title='bbox 1318 2539 1469 2577; x_wconf 87' lang='lat' dir='ltr'>videtur</span> 
     </span>
     <span class='ocr_line' id='line_1_77' title="bbox 410 2590 1468 2640; baseline 0.003 -13"><span class='ocrx_word' id='word_1_563' title='bbox 410 2590 515 2638; x_wconf 86' lang='lat' dir='ltr'>quod</span> <span class='ocrx_word' id='word_1_564' title='bbox 534 2591 627 2627; x_wconf 85' lang='lat' dir='ltr'>alter</span> <span class='ocrx_word' id='word_1_565' title='bbox 646 2602 779 2628; x_wconf 86' lang='lat' dir='ltr'>eorum</span> <span class='ocrx_word' id='word_1_566' title='bbox 801 2591 932 2628; x_wconf 74' lang='lat' dir='ltr'>dixerit</span> <span class='ocrx_word' id='word_1_567' title='bbox 952 2592 1098 2629; x_wconf 72' lang='lat' dir='ltr'>falsum..</span> <span class='ocrx_word' id='word_1_568' title='bbox 1130 2592 1223 2629; x_wconf 93' lang='lat' dir='ltr'>Non</span> <span class='ocrx_word' id='word_1_569' title='bbox 1243 2603 1331 2640; x_wconf 85' lang='lat' dir='ltr'>ergo</span> <span class='ocrx_word' id='word_1_570' title='bbox 1351 2605 1468 2630; x_wconf 90' lang='lat' dir='ltr'>omne</span> 
     </span>
     <span class='ocr_line' id='line_1_78' title="bbox 409 2643 977 2693; baseline 0.002 -13"><span class='ocrx_word' id='word_1_571' title='bbox 409 2643 654 2680; x_wconf 79' lang='lat' dir='ltr'>mendacium</span> <span class='ocrx_word' id='word_1_572' title='bbox 681 2651 738 2681; x_wconf 79' lang='lat' dir='ltr'>est</span> <span class='ocrx_word' id='word_1_573' title='bbox 763 2652 977 2693; x_wconf 74' lang='lat' dir='ltr'>peccatum.</span> 
     </span>
    </p>

    <p class='ocr_par' dir='ltr' id='par_1_24' title="bbox 408 2697 1467 2958">
     <span class='ocr_line' id='line_1_79' title="bbox 464 2697 1465 2747; baseline 0.001 -13"><span class='ocrx_word' id='word_1_574' title='bbox 464 2708 499 2734; x_wconf 86' lang='lat'>2.</span> <span class='ocrx_word' id='word_1_575' title='bbox 529 2697 761 2744; x_wconf 52' lang='lat' dir='ltr'>Putat-mm,</span> <span class='ocrx_word' id='word_1_576' title='bbox 791 2698 916 2734; x_wconf 74' lang='lat' dir='ltr'>nullus</span> <span class='ocrx_word' id='word_1_577' title='bbox 944 2705 1209 2734; x_wconf 78' lang='lat' dir='ltr'>remuneratur</span> <span class='ocrx_word' id='word_1_578' title='bbox 1237 2710 1259 2734; x_wconf 87' lang='lat' dir='ltr'>a</span> <span class='ocrx_word' id='word_1_579' title='bbox 1282 2699 1367 2735; x_wconf 91' lang='lat' dir='ltr'>Deo</span> <span class='ocrx_word' id='word_1_580' title='bbox 1395 2710 1465 2747; x_wconf 91' lang='lat' dir='ltr'>pro</span> 
     </span>
     <span class='ocr_line' id='line_1_80' title="bbox 409 2750 1467 2799; baseline 0.002 -13"><span class='ocrx_word' id='word_1_581' title='bbox 409 2757 577 2798; x_wconf 74' lang='lat' dir='ltr'>peccato.</span> <span class='ocrx_word' id='word_1_582' title='bbox 600 2750 676 2787; x_wconf 92' lang='lat' dir='ltr'>Sed</span> <span class='ocrx_word' id='word_1_583' title='bbox 692 2750 911 2787; x_wconf 80' lang='lat' dir='ltr'>obstetrices</span> <span class='ocrx_word' id='word_1_584' title='bbox 926 2751 1088 2799; x_wconf 82' lang='lat' dir='ltr'>Aegypti</span> <span class='ocrx_word' id='word_1_585' title='bbox 1104 2758 1367 2788; x_wconf 84' lang='lat' dir='ltr'>remuneratae</span> <span class='ocrx_word' id='word_1_586' title='bbox 1382 2759 1467 2788; x_wconf 87' lang='lat' dir='ltr'>sunt</span> 
     </span>
     <span class='ocr_line' id='line_1_81' title="bbox 409 2803 1465 2852; baseline 0.002 -13"><span class='ocrx_word' id='word_1_587' title='bbox 409 2814 430 2839; x_wconf 87' lang='lat' dir='ltr'>a</span> <span class='ocrx_word' id='word_1_588' title='bbox 446 2803 529 2839; x_wconf 86' lang='lat' dir='ltr'>Deo</span> <span class='ocrx_word' id='word_1_589' title='bbox 549 2810 708 2851; x_wconf 87' lang='lat' dir='ltr'>propter</span> <span class='ocrx_word' id='word_1_590' title='bbox 723 2803 986 2841; x_wconf 85' lang='lat' dir='ltr'>mendacium:</span> <span class='ocrx_word' id='word_1_591' title='bbox 1007 2803 1143 2841; x_wconf 81' lang='lat' dir='ltr'>dicitur</span> <span class='ocrx_word' id='word_1_592' title='bbox 1161 2804 1263 2841; x_wconf 86' lang='lat' dir='ltr'>enirn</span> <span class='ocrx_word' id='word_1_593' title='bbox 1278 2805 1401 2842; x_wconf 87' lang='lat' dir='ltr'>Exod.</span> <span class='ocrx_word' id='word_1_594' title='bbox 1415 2804 1465 2852; x_wconf 61' lang='grc' dir='ltr'>ν’,</span> 
     </span>
     <span class='ocr_line' id='line_1_82' title="bbox 408 2856 1466 2905; baseline 0.003 -13"><span class='ocrx_word' id='word_1_595' title='bbox 408 2856 513 2904; x_wconf 83' lang='lat' dir='ltr'>quod</span> <span class='ocrx_word' id='word_1_596' title='bbox 540 2856 752 2904; x_wconf 68' lang='lat' dir='ltr'>aed&#39;ficavit</span> <span class='ocrx_word' id='word_1_597' title='bbox 777 2857 847 2894; x_wconf 80' lang='lat' dir='ltr'>iltis</span> <span class='ocrx_word' id='word_1_598' title='bbox 873 2858 977 2894; x_wconf 78' lang='lat' dir='ltr'>Deus</span> <span class='ocrx_word' id='word_1_599' title='bbox 1004 2857 1145 2894; x_wconf 73' lang='lat' dir='ltr'>domos.</span> <span class='ocrx_word' id='word_1_600' title='bbox 1180 2858 1283 2905; x_wconf 83' lang='lat' dir='ltr'>Ergo</span> <span class='ocrx_word' id='word_1_601' title='bbox 1310 2857 1466 2895; x_wconf 87' lang='lat' dir='ltr'>menda-</span> 
     </span>
     <span class='ocr_line' id='line_1_83' title="bbox 409 2917 941 2958; baseline 0.004 -14"><span class='ocrx_word' id='word_1_602' title='bbox 409 2920 510 2945; x_wconf 71' lang='lat' dir='ltr'>cium</span> <span class='ocrx_word' id='word_1_603' title='bbox 538 2921 617 2946; x_wconf 82' lang='lat' dir='ltr'>non</span> <span class='ocrx_word' id='word_1_604' title='bbox 645 2917 704 2946; x_wconf 84' lang='lat' dir='ltr'>est</span> <span class='ocrx_word' id='word_1_605' title='bbox 727 2917 941 2958; x_wconf 87' lang='lat' dir='ltr'>peccatum.</span> 
     </span>
    </p>

    <p class='ocr_par' dir='ltr' id='par_1_25' title="bbox 407 2962 1469 3328">
     <span class='ocr_line' id='line_1_84' title="bbox 463 2962 1465 3010; baseline 0.002 -12"><span class='ocrx_word' id='word_1_606' title='bbox 463 2962 498 2998; x_wconf 50' lang='lat'>32</span> <span class='ocrx_word' id='word_1_607' title='bbox 526 2962 767 3009; x_wconf 74' lang='lat' dir='ltr'>PRAETEREA,</span> <span class='ocrx_word' id='word_1_608' title='bbox 800 2970 905 3010; x_wconf 83' lang='lat' dir='ltr'>gesta</span> <span class='ocrx_word' id='word_1_609' title='bbox 933 2963 1165 2999; x_wconf 82' lang='lat' dir='ltr'>Sanctorum</span> <span class='ocrx_word' id='word_1_610' title='bbox 1197 2970 1394 3000; x_wconf 80' lang='lat' dir='ltr'>narrantur</span> <span class='ocrx_word' id='word_1_611' title='bbox 1427 2963 1465 3000; x_wconf 89' lang='lat' dir='ltr'>in</span> 
     </span>
     <span class='ocr_line' id='line_1_85' title="bbox 409 3014 1464 3064; baseline 0.003 -14"><span class='ocrx_word' id='word_1_612' title='bbox 409 3026 514 3050; x_wconf 84' lang='lat' dir='ltr'>sacra</span> <span class='ocrx_word' id='word_1_613' title='bbox 539 3014 731 3064; x_wconf 88' lang='lat' dir='ltr'>Scriptura</span> <span class='ocrx_word' id='word_1_614' title='bbox 749 3015 799 3052; x_wconf 86' lang='lat' dir='ltr'>ad</span> <span class='ocrx_word' id='word_1_615' title='bbox 817 3015 1123 3053; x_wconf 76' lang='lat' dir='ltr'>informationem</span> <span class='ocrx_word' id='word_1_616' title='bbox 1142 3015 1242 3052; x_wconf 75' lang='lat' dir='ltr'>vitae</span> <span class='ocrx_word' id='word_1_617' title='bbox 1262 3017 1464 3054; x_wconf 83' lang='lat' dir='ltr'>humanae.</span> 
     </span>
     <span class='ocr_line' id='line_1_86' title="bbox 410 3067 1464 3118; baseline 0.004 -15"><span class='ocrx_word' id='word_1_618' title='bbox 410 3067 487 3103; x_wconf 88' lang='lat' dir='ltr'>Sed</span> <span class='ocrx_word' id='word_1_619' title='bbox 507 3067 557 3103; x_wconf 86' lang='lat' dir='ltr'>de</span> <span class='ocrx_word' id='word_1_620' title='bbox 574 3067 803 3115; x_wconf 62' lang='lat' dir='ltr'>quibusdam</span> <span class='ocrx_word' id='word_1_621' title='bbox 823 3068 1068 3105; x_wconf 82' lang='lat' dir='ltr'>sanctissimis</span> <span class='ocrx_word' id='word_1_622' title='bbox 1085 3068 1176 3105; x_wconf 88' lang='lat' dir='ltr'>viris</span> <span class='ocrx_word' id='word_1_623' title='bbox 1201 3069 1336 3117; x_wconf 75' lang='lat' dir='ltr'>legitur</span> <span class='ocrx_word' id='word_1_624' title='bbox 1361 3070 1464 3118; x_wconf 80' lang='lat' dir='ltr'>quod</span> 
     </span>
     <span class='ocr_line' id='line_1_87' title="bbox 409 3120 1464 3173; baseline 0.004 -17"><span class='ocrx_word' id='word_1_625' title='bbox 409 3127 495 3156; x_wconf 75' lang='lat' dir='ltr'>sunt</span> <span class='ocrx_word' id='word_1_626' title='bbox 514 3120 676 3158; x_wconf 73' lang='lat' dir='ltr'>mentiti:</span> <span class='ocrx_word' id='word_1_627' title='bbox 704 3120 799 3157; x_wconf 80' lang='lat' dir='ltr'>SIcut</span> <span class='ocrx_word' id='word_1_628' title='bbox 826 3121 960 3169; x_wconf 88' lang='lat' dir='ltr'>legitur</span> <span class='ocrx_word' id='word_1_629' title='bbox 975 3121 1067 3173; x_wconf 79' lang='lat' dir='ltr'>Gen.</span> <span class='ocrx_word' id='word_1_630' title='bbox 1083 3133 1131 3158; x_wconf 87' lang='lat' dir='ltr'>x11</span> <span class='ocrx_word' id='word_1_631' title='bbox 1146 3121 1166 3143; x_wconf 77' lang='lat'>&#39;⁸&#39;</span> <span class='ocrx_word' id='word_1_632' title='bbox 1186 3129 1222 3158; x_wconf 84' lang='lat' dir='ltr'>et</span> <span class='ocrx_word' id='word_1_633' title='bbox 1239 3133 1288 3158; x_wconf 84' lang='lat' dir='ltr'>xx</span> <span class='ocrx_word' id='word_1_634' title='bbox 1300 3121 1342 3144; x_wconf 64' lang='lat'>*¹*</span> <span class='ocrx_word' id='word_1_635' title='bbox 1360 3123 1464 3172; x_wconf 86' lang='lat' dir='ltr'>quod</span> 
     </span>
     <span class='ocr_line' id='line_1_88' title="bbox 407 3173 1467 3222; baseline 0.003 -13"><span class='ocrx_word' id='word_1_636' title='bbox 407 3173 604 3210; x_wconf 81' lang='lat' dir='ltr'>Abraham</span> <span class='ocrx_word' id='word_1_637' title='bbox 632 3173 724 3211; x_wconf 83' lang='lat' dir='ltr'>dixit</span> <span class='ocrx_word' id='word_1_638' title='bbox 747 3173 795 3219; x_wconf 84' lang='lat' dir='ltr'>de</span> <span class='ocrx_word' id='word_1_639' title='bbox 821 3185 939 3210; x_wconf 75' lang='lat' dir='ltr'>uxore</span> <span class='ocrx_word' id='word_1_640' title='bbox 967 3185 1036 3210; x_wconf 87' lang='lat' dir='ltr'>sua</span> <span class='ocrx_word' id='word_1_641' title='bbox 1056 3174 1160 3222; x_wconf 84' lang='lat' dir='ltr'>quod</span> <span class='ocrx_word' id='word_1_642' title='bbox 1184 3186 1293 3211; x_wconf 83' lang='lat' dir='ltr'>soror</span> <span class='ocrx_word' id='word_1_643' title='bbox 1311 3187 1379 3211; x_wconf 89' lang='lat' dir='ltr'>sua</span> <span class='ocrx_word' id='word_1_644' title='bbox 1409 3187 1467 3212; x_wconf 83' lang='lat' dir='ltr'>es—</span> 
     </span>
     <span class='ocr_line' id='line_1_89' title="bbox 408 3225 1464 3265; baseline 0.003 -4"><span class='ocrx_word' id='word_1_645' title='bbox 408 3233 473 3262; x_wconf 85' lang='lat' dir='ltr'>set.</span> <span class='ocrx_word' id='word_1_646' title='bbox 505 3226 618 3263; x_wconf 87' lang='lat' dir='ltr'>Iacob</span> <span class='ocrx_word' id='word_1_647' title='bbox 653 3225 766 3264; x_wconf 77' lang='lat' dir='ltr'>etiam</span> <span class='ocrx_word' id='word_1_648' title='bbox 794 3227 973 3264; x_wconf 84' lang='lat' dir='ltr'>mentitus</span> <span class='ocrx_word' id='word_1_649' title='bbox 1002 3235 1057 3263; x_wconf 87' lang='lat' dir='ltr'>est</span> <span class='ocrx_word' id='word_1_650' title='bbox 1085 3226 1215 3263; x_wconf 85' lang='lat' dir='ltr'>dicens</span> <span class='ocrx_word' id='word_1_651' title='bbox 1243 3239 1288 3264; x_wconf 83' lang='lat' dir='ltr'>se·</span> <span class='ocrx_word' id='word_1_652' title='bbox 1304 3228 1407 3264; x_wconf 89' lang='lat' dir='ltr'>Esau</span> <span class='ocrx_word' id='word_1_653' title='bbox 1427 3233 1464 3265; x_wconf 72' lang='lat' dir='ltr'>fl‘z</span> 
     </span>
     <span class='ocr_line' id='line_1_90' title="bbox 407 3279 1469 3328; baseline 0.004 -14"><span class='ocrx_word' id='word_1_654' title='bbox 407 3286 535 3315; x_wconf 89' lang='lat' dir='ltr'>tamen</span> <span class='ocrx_word' id='word_1_655' title='bbox 571 3279 878 3316; x_wconf 82' lang='lat' dir='ltr'>benedictionem</span> <span class='ocrx_word' id='word_1_656' title='bbox 919 3279 1078 3328; x_wconf 84' lang='lat' dir='ltr'>adeptus</span> <span class='ocrx_word' id='word_1_657' title='bbox 1117 3287 1192 3325; x_wconf 87' lang='lat' dir='ltr'>est,</span> <span class='ocrx_word' id='word_1_658' title='bbox 1232 3288 1272 3316; x_wconf 91' lang='lat' dir='ltr'>ut</span> <span class='ocrx_word' id='word_1_659' title='bbox 1309 3281 1469 3318; x_wconf 88' lang='lat' dir='ltr'>habetur</span> 
     </span>
    </p>
   </div>
   <div class='ocr_carea' id='block_1_19' title="bbox 373 3332 1467 3382">
    <p class='ocr_par' dir='ltr' id='par_1_26' title="bbox 373 3332 1467 3382">
     <span class='ocr_line' id='line_1_91' title="bbox 373 3332 1467 3382; baseline 0.004 -15"><span class='ocrx_word' id='word_1_660' title='bbox 373 3336 379 3345; x_wconf 88' lang='lat'>’</span> <span class='ocrx_word' id='word_1_661' title='bbox 412 3332 502 3368; x_wconf 86' lang='lat' dir='ltr'>Gen.</span> <span class='ocrx_word' id='word_1_662' title='bbox 533 3343 641 3369; x_wconf 86' lang='lat' dir='ltr'>xxvn.</span> <span class='ocrx_word' id='word_1_663' title='bbox 672 3332 795 3370; x_wconf 90' lang='lat' dir='ltr'>Iudith</span> <span class='ocrx_word' id='word_1_664' title='bbox 831 3332 943 3369; x_wconf 87' lang='lat' dir='ltr'>etiam</span> <span class='ocrx_word' id='word_1_665' title='bbox 982 3332 1272 3369; x_wconf 87' lang='lat' dir='ltr'>commendatur</span> <span class='ocrx_word' id='word_1_666' title='bbox 1294 3332 1332 3379; x_wconf 71' lang='lat'>³¹⁸,</span> <span class='ocrx_word' id='word_1_667' title='bbox 1370 3346 1467 3382; x_wconf 86' lang='lat' dir='ltr'>quae</span> 
     </span>
    </p>
   </div>
   <div class='ocr_carea' id='block_1_20' title="bbox 407 3460 1465 3526">
    <p class='ocr_par' dir='ltr' id='par_1_27' title="bbox 407 3460 1465 3526">
     <span class='ocr_line' id='line_1_92' title="bbox 459 3460 1465 3497; baseline 0.006 -12"><span class='ocrx_word' id='word_1_668' title='bbox 459 3460 486 3492; x_wconf 83' lang='grc' dir='ltr'>α)</span> <span class='ocrx_word' id='word_1_669' title='bbox 508 3461 589 3486; x_wconf 68' lang='lat' dir='ltr'>Esau.</span> <span class='ocrx_word' id='word_1_670' title='bbox 606 3475 625 3480; x_wconf 97' lang='lat'>-</span> <span class='ocrx_word' id='word_1_671' title='bbox 643 3469 698 3486; x_wconf 83' lang='lat' dir='ltr'>esse</span> <span class='ocrx_word' id='word_1_672' title='bbox 718 3462 789 3487; x_wconf 85' lang='lat' dir='ltr'>Esau</span> <span class='ocrx_word' id='word_1_673' title='bbox 809 3462 893 3493; x_wconf 82' lang='lat' dir='ltr'>PDEI,</span> <span class='ocrx_word' id='word_1_674' title='bbox 915 3463 986 3488; x_wconf 81' lang='lat' dir='ltr'>Esau</span> <span class='ocrx_word' id='word_1_675' title='bbox 1005 3471 1060 3489; x_wconf 85' lang='lat' dir='ltr'>esse</span> <span class='ocrx_word' id='word_1_676' title='bbox 1079 3465 1116 3494; x_wconf 82' lang='lat'>1.;</span> <span class='ocrx_word' id='word_1_677' title='bbox 1134 3472 1182 3497; x_wconf 82' lang='lat' dir='ltr'>pro</span> <span class='ocrx_word' id='word_1_678' title='bbox 1201 3468 1298 3494; x_wconf 80' lang='lat' dir='ltr'>tamen,</span> <span class='ocrx_word' id='word_1_679' title='bbox 1316 3466 1364 3491; x_wconf 76' lang='lat' dir='ltr'>sed</span> <span class='ocrx_word' id='word_1_680' title='bbox 1377 3469 1465 3491; x_wconf 72' lang='lat' dir='ltr'>tamen</span> 
     </span>
     <span class='ocr_line' id='line_1_93' title="bbox 407 3496 761 3526; baseline 0.008 -6"><span class='ocrx_word' id='word_1_681' title='bbox 407 3496 437 3525; x_wconf 83' lang='lat' dir='ltr'>D.</span> <span class='ocrx_word' id='word_1_682' title='bbox 456 3499 482 3521; x_wconf 82' lang='lat' dir='ltr'>ct</span> <span class='ocrx_word' id='word_1_683' title='bbox 501 3499 588 3522; x_wconf 72' lang='lat' dir='ltr'>tannen</span> <span class='ocrx_word' id='word_1_684' title='bbox 607 3497 635 3526; x_wconf 89' lang='lat' dir='ltr'>P,</span> <span class='ocrx_word' id='word_1_685' title='bbox 653 3504 716 3522; x_wconf 73' lang='lat' dir='ltr'>cum</span> <span class='ocrx_word' id='word_1_686' title='bbox 732 3498 761 3523; x_wconf 87' lang='lat' dir='ltr'>L.</span> 
     </span>
    </p>
   </div>
   <div class='ocr_carea' id='block_1_21' title="bbox 1525 2222 2642 2919">
    <p class='ocr_par' dir='ltr' id='par_1_28' title="bbox 1527 2222 2590 2326">
     <span class='ocr_line' id='line_1_94' title="bbox 1527 2222 2590 2276; baseline 0.008 -18"><span class='ocrx_word' id='word_1_687' title='bbox 1527 2229 1657 2259; x_wconf 82' lang='lat' dir='ltr'>tamen</span> <span class='ocrx_word' id='word_1_688' title='bbox 1685 2222 1883 2261; x_wconf 87' lang='lat' dir='ltr'>Holoferni</span> <span class='ocrx_word' id='word_1_689' title='bbox 1912 2224 2068 2262; x_wconf 80' lang='lat' dir='ltr'>mentita</span> <span class='ocrx_word' id='word_1_690' title='bbox 2098 2233 2154 2262; x_wconf 87' lang='lat' dir='ltr'>est</span> <span class='ocrx_word' id='word_1_691' title='bbox 2170 2226 2202 2263; x_wconf 65' lang='lat'>³⁸.</span> <span class='ocrx_word' id='word_1_692' title='bbox 2233 2227 2325 2264; x_wconf 90' lang='lat' dir='ltr'>Non</span> <span class='ocrx_word' id='word_1_693' title='bbox 2354 2239 2445 2276; x_wconf 89' lang='lat' dir='ltr'>ergo</span> <span class='ocrx_word' id='word_1_694' title='bbox 2466 2235 2590 2272; x_wconf 60' lang='lat' dir='ltr'>‚omne</span> 
     </span>
     <span class='ocr_line' id='line_1_95' title="bbox 1528 2275 2585 2326; baseline 0.008 -15"><span class='ocrx_word' id='word_1_695' title='bbox 1528 2275 1771 2313; x_wconf 88' lang='lat' dir='ltr'>mendacium</span> <span class='ocrx_word' id='word_1_696' title='bbox 1803 2285 1859 2313; x_wconf 88' lang='lat' dir='ltr'>est</span> <span class='ocrx_word' id='word_1_697' title='bbox 1883 2285 2097 2326; x_wconf 85' lang='lat' dir='ltr'>peccatum.</span> <span class='ocrx_word' id='word_1_698' title='bbox 2583 2292 2585 2294; x_wconf 83' lang='lat'>·</span> 
     </span>
    </p>

    <p class='ocr_par' dir='ltr' id='par_1_29' title="bbox 1525 2329 2590 2749">
     <span class='ocr_line' id='line_1_96' title="bbox 1577 2329 2590 2381; baseline 0.007 -16"><span class='ocrx_word' id='word_1_699' title='bbox 1577 2340 1616 2375; x_wconf 88' lang='grc'>4.</span> <span class='ocrx_word' id='word_1_700' title='bbox 1647 2329 1879 2377; x_wconf 56' lang='lat' dir='ltr'>Paternum,</span> <span class='ocrx_word' id='word_1_701' title='bbox 1910 2330 2036 2367; x_wconf 91' lang='lat' dir='ltr'>minus</span> <span class='ocrx_word' id='word_1_702' title='bbox 2056 2331 2203 2369; x_wconf 89' lang='lat' dir='ltr'>malum</span> <span class='ocrx_word' id='word_1_703' title='bbox 2232 2341 2290 2370; x_wconf 92' lang='lat' dir='ltr'>est</span> <span class='ocrx_word' id='word_1_704' title='bbox 2307 2333 2523 2381; x_wconf 86' lang='lat' dir='ltr'>eligendum</span> <span class='ocrx_word' id='word_1_705' title='bbox 2548 2340 2590 2372; x_wconf 84' lang='lat' dir='ltr'>ut</span> 
     </span>
     <span class='ocr_line' id='line_1_97' title="bbox 1525 2381 2589 2435; baseline 0.008 -18"><span class='ocrx_word' id='word_1_706' title='bbox 1525 2381 1665 2418; x_wconf 88' lang='lat' dir='ltr'>vitetur</span> <span class='ocrx_word' id='word_1_707' title='bbox 1705 2383 1828 2419; x_wconf 87' lang='lat' dir='ltr'>maius</span> <span class='ocrx_word' id='word_1_708' title='bbox 1865 2385 2028 2421; x_wconf 76' lang='lat' dir='ltr'>malum:</span> <span class='ocrx_word' id='word_1_709' title='bbox 2066 2385 2162 2421; x_wconf 88' lang='lat' dir='ltr'>sicut</span> <span class='ocrx_word' id='word_1_710' title='bbox 2197 2386 2372 2423; x_wconf 83' lang='lat' dir='ltr'>medicus</span> <span class='ocrx_word' id='word_1_711' title='bbox 2406 2387 2589 2435; x_wconf 83' lang='lat' dir='ltr'>praecidit</span> 
     </span>
     <span class='ocr_line' id='line_1_98' title="bbox 1525 2435 2589 2489; baseline 0.008 -19"><span class='ocrx_word' id='word_1_712' title='bbox 1525 2435 1744 2472; x_wconf 88' lang='lat' dir='ltr'>membrum</span> <span class='ocrx_word' id='word_1_713' title='bbox 1780 2447 1828 2472; x_wconf 90' lang='lat' dir='ltr'>ne</span> <span class='ocrx_word' id='word_1_714' title='bbox 1866 2445 2131 2485; x_wconf 82' lang='lat' dir='ltr'>corrumpatur</span> <span class='ocrx_word' id='word_1_715' title='bbox 2163 2445 2288 2475; x_wconf 78' lang='lat' dir='ltr'>toturn</span> <span class='ocrx_word' id='word_1_716' title='bbox 2321 2451 2471 2489; x_wconf 71' lang='lat' dir='ltr'>corpus.</span> <span class='ocrx_word' id='word_1_717' title='bbox 2512 2441 2589 2478; x_wconf 92' lang='lat' dir='ltr'>Sed</span> 
     </span>
     <span class='ocr_line' id='line_1_99' title="bbox 1526 2487 2589 2541; baseline 0.008 -18"><span class='ocrx_word' id='word_1_718' title='bbox 1526 2487 1653 2524; x_wconf 86' lang='lat' dir='ltr'>minus</span> <span class='ocrx_word' id='word_1_719' title='bbox 1681 2496 1955 2526; x_wconf 80' lang='lat' dir='ltr'>nocumentum</span> <span class='ocrx_word' id='word_1_720' title='bbox 1981 2498 2041 2527; x_wconf 88' lang='lat' dir='ltr'>est</span> <span class='ocrx_word' id='word_1_721' title='bbox 2055 2490 2160 2538; x_wconf 78' lang='lat' dir='ltr'>quod</span> <span class='ocrx_word' id='word_1_722' title='bbox 2188 2491 2323 2541; x_wconf 80' lang='lat' dir='ltr'>aliquis</span> <span class='ocrx_word' id='word_1_723' title='bbox 2341 2500 2500 2541; x_wconf 87' lang='lat' dir='ltr'>generet</span> <span class='ocrx_word' id='word_1_724' title='bbox 2522 2494 2589 2531; x_wconf 80' lang='lat' dir='ltr'>far-</span> 
     </span>
     <span class='ocr_line' id='line_1_100' title="bbox 1526 2540 2589 2594; baseline 0.008 -18"><span class='ocrx_word' id='word_1_725' title='bbox 1526 2551 1608 2576; x_wconf 81' lang='lat' dir='ltr'>sam</span> <span class='ocrx_word' id='word_1_726' title='bbox 1644 2540 1865 2589; x_wconf 86' lang='lat' dir='ltr'>opinionem</span> <span class='ocrx_word' id='word_1_727' title='bbox 1898 2542 1937 2579; x_wconf 84' lang='lat' dir='ltr'>in</span> <span class='ocrx_word' id='word_1_728' title='bbox 1974 2543 2103 2580; x_wconf 86' lang='lat' dir='ltr'>animo</span> <span class='ocrx_word' id='word_1_729' title='bbox 2139 2543 2297 2590; x_wconf 78' lang='lat' dir='ltr'>alicuius</span> <span class='ocrx_word' id='word_1_730' title='bbox 2330 2557 2447 2594; x_wconf 90' lang='lat' dir='ltr'>quam</span> <span class='ocrx_word' id='word_1_731' title='bbox 2481 2545 2589 2594; x_wconf 81' lang='lat' dir='ltr'>quod</span> 
     </span>
     <span class='ocr_line' id='line_1_101' title="bbox 1526 2593 2589 2648; baseline 0.008 -19"><span class='ocrx_word' id='word_1_732' title='bbox 1526 2593 1663 2642; x_wconf 81' lang='lat' dir='ltr'>aliquis</span> <span class='ocrx_word' id='word_1_733' title='bbox 1688 2594 1837 2632; x_wconf 87' lang='lat' dir='ltr'>occidat</span> <span class='ocrx_word' id='word_1_734' title='bbox 1864 2595 1925 2632; x_wconf 90' lang='lat' dir='ltr'>vel</span> <span class='ocrx_word' id='word_1_735' title='bbox 1963 2596 2167 2634; x_wconf 86' lang='lat' dir='ltr'>occidatur.</span> <span class='ocrx_word' id='word_1_736' title='bbox 2202 2598 2310 2646; x_wconf 79' lang='lat' dir='ltr'>Ergo</span> <span class='ocrx_word' id='word_1_737' title='bbox 2333 2598 2430 2636; x_wconf 75' lang='lat' dir='ltr'>licite</span> <span class='ocrx_word' id='word_1_738' title='bbox 2463 2600 2589 2648; x_wconf 78' lang='lat' dir='ltr'>potest</span> 
     </span>
     <span class='ocr_line' id='line_1_102' title="bbox 1525 2646 2586 2702; baseline 0.008 -20"><span class='ocrx_word' id='word_1_739' title='bbox 1525 2646 1646 2684; x_wconf 90' lang='lat' dir='ltr'>homo</span> <span class='ocrx_word' id='word_1_740' title='bbox 1674 2647 1823 2684; x_wconf 89' lang='lat' dir='ltr'>mentiri</span> <span class='ocrx_word' id='word_1_741' title='bbox 1850 2655 1894 2684; x_wconf 85' lang='lat' dir='ltr'>ut</span> <span class='ocrx_word' id='word_1_742' title='bbox 1910 2660 2032 2686; x_wconf 87' lang='lat' dir='ltr'>unum</span> <span class='ocrx_word' id='word_1_743' title='bbox 2060 2659 2285 2698; x_wconf 79' lang='lat' dir='ltr'>praeservet</span> <span class='ocrx_word' id='word_1_744' title='bbox 2298 2652 2349 2688; x_wconf 87' lang='lat' dir='ltr'>ab</span> <span class='ocrx_word' id='word_1_745' title='bbox 2365 2651 2586 2702; x_wconf 68' lang='lat' dir='ltr'>homicidio,</span> 
     </span>
     <span class='ocr_line' id='line_1_103' title="bbox 1527 2699 2202 2749; baseline 0.006 -13"><span class='ocrx_word' id='word_1_746' title='bbox 1527 2706 1566 2736; x_wconf 77' lang='lat' dir='ltr'>et</span> <span class='ocrx_word' id='word_1_747' title='bbox 1591 2699 1706 2736; x_wconf 84' lang='lat' dir='ltr'>alium</span> <span class='ocrx_word' id='word_1_748' title='bbox 1736 2709 1956 2749; x_wconf 81' lang='lat' dir='ltr'>praescr-vet</span> <span class='ocrx_word' id='word_1_749' title='bbox 1983 2712 2007 2738; x_wconf 88' lang='lat' dir='ltr'>a</span> <span class='ocrx_word' id='word_1_750' title='bbox 2033 2710 2168 2740; x_wconf 80' lang='lat' dir='ltr'>morte.</span> <span class='ocrx_word' id='word_1_751' title='bbox 2184 2714 2202 2720; x_wconf 63' lang='lat'>⁴·</span> 
     </span>
    </p>

    <p class='ocr_par' dir='ltr' id='par_1_30' title="bbox 1526 2753 2642 2919">
     <span class='ocr_line' id='line_1_104' title="bbox 1584 2753 2588 2806; baseline 0.007 -17"><span class='ocrx_word' id='word_1_752' title='bbox 1584 2753 1616 2790; x_wconf 90' lang='grc'>5.</span> <span class='ocrx_word' id='word_1_753' title='bbox 1647 2754 1878 2800; x_wconf 51' lang='lat' dir='ltr'>Paternum,</span> <span class='ocrx_word' id='word_1_754' title='bbox 1909 2755 2154 2793; x_wconf 83' lang='lat' dir='ltr'>mendacium</span> <span class='ocrx_word' id='word_1_755' title='bbox 2185 2763 2239 2794; x_wconf 88' lang='lat' dir='ltr'>est</span> <span class='ocrx_word' id='word_1_756' title='bbox 2258 2756 2288 2794; x_wconf 86' lang='lat' dir='ltr'>si</span> <span class='ocrx_word' id='word_1_757' title='bbox 2317 2757 2404 2806; x_wconf 88' lang='lat' dir='ltr'>quis</span> <span class='ocrx_word' id='word_1_758' title='bbox 2419 2768 2498 2795; x_wconf 85' lang='lat' dir='ltr'>non</span> <span class='ocrx_word' id='word_1_759' title='bbox 2517 2757 2588 2796; x_wconf 88' lang='lat' dir='ltr'>im-</span> 
     </span>
     <span class='ocr_line' id='line_1_105' title="bbox 1526 2806 2587 2859; baseline 0.007 -17"><span class='ocrx_word' id='word_1_760' title='bbox 1526 2806 1627 2854; x_wconf 88' lang='lat' dir='ltr'>pleat</span> <span class='ocrx_word' id='word_1_761' title='bbox 1653 2807 1759 2855; x_wconf 89' lang='lat' dir='ltr'>quod</span> <span class='ocrx_word' id='word_1_762' title='bbox 1786 2807 1970 2856; x_wconf 78' lang='lat' dir='ltr'>promisit.</span> <span class='ocrx_word' id='word_1_763' title='bbox 2010 2809 2086 2846; x_wconf 91' lang='lat' dir='ltr'>Sed</span> <span class='ocrx_word' id='word_1_764' title='bbox 2120 2820 2198 2847; x_wconf 80' lang='lat' dir='ltr'>non</span> <span class='ocrx_word' id='word_1_765' title='bbox 2231 2810 2361 2847; x_wconf 86' lang='lat' dir='ltr'>omnia</span> <span class='ocrx_word' id='word_1_766' title='bbox 2396 2811 2587 2859; x_wconf 82' lang='lat' dir='ltr'>promissa</span> 
     </span>
     <span class='ocr_line' id='line_1_106' title="bbox 1526 2858 2642 2919; baseline 0.007 -25"><span class='ocrx_word' id='word_1_767' title='bbox 1526 2866 1612 2895; x_wconf 90' lang='lat' dir='ltr'>sunt</span> <span class='ocrx_word' id='word_1_768' title='bbox 1639 2858 1851 2908; x_wconf 84' lang='lat' dir='ltr'>implenda:</span> <span class='ocrx_word' id='word_1_769' title='bbox 1887 2861 1975 2898; x_wconf 92' lang='lat' dir='ltr'>dicit</span> <span class='ocrx_word' id='word_1_770' title='bbox 2003 2861 2105 2900; x_wconf 84' lang='lat' dir='ltr'>enim</span> <span class='ocrx_word' id='word_1_771' title='bbox 2141 2862 2309 2900; x_wconf 79' lang='lat' dir='ltr'>Isidorus</span> <span class='ocrx_word' id='word_1_772' title='bbox 2326 2863 2363 2900; x_wconf 66' lang='grc' dir='ltr'>*ε</span> <span class='ocrx_word' id='word_1_773' title='bbox 2391 2865 2438 2901; x_wconf 88' lang='lat' dir='ltr'>In</span> <span class='ocrx_word' id='word_1_774' title='bbox 2475 2864 2587 2902; x_wconf 67' lang='lat' dir='ltr'>malis</span> <span class='ocrx_word' id='word_1_775' title='bbox 2636 2909 2642 2919; x_wconf 41' lang='grc' dir='ltr'>Ι</span> 
     </span>
    </p>
   </div>
   <div class='ocr_carea' id='block_1_22' title="bbox 1518 2913 2586 2963">
    <p class='ocr_par' dir='ltr' id='par_1_31' title="bbox 1518 2913 2586 2963">
     <span class='ocr_line' id='line_1_107' title="bbox 1518 2913 2586 2963; baseline 0.007 -16"><span class='ocrx_word' id='word_1_776' title='bbox 1518 2913 1716 2960; x_wconf 82' lang='lat' dir='ltr'>promissis</span> <span class='ocrx_word' id='word_1_777' title='bbox 1742 2913 1910 2950; x_wconf 88' lang='lat' dir='ltr'>rescinde</span> <span class='ocrx_word' id='word_1_778' title='bbox 1930 2914 2064 2961; x_wconf 86' lang='lat' dir='ltr'>fidem.</span> <span class='ocrx_word' id='word_1_779' title='bbox 2095 2916 2197 2963; x_wconf 89' lang='lat' dir='ltr'>Ergo</span> <span class='ocrx_word' id='word_1_780' title='bbox 2222 2928 2300 2953; x_wconf 90' lang='lat' dir='ltr'>non</span> <span class='ocrx_word' id='word_1_781' title='bbox 2329 2928 2446 2954; x_wconf 91' lang='lat' dir='ltr'>omne</span> <span class='ocrx_word' id='word_1_782' title='bbox 2478 2926 2586 2955; x_wconf 57' lang='lat' dir='ltr'>men*</span> 
     </span>
    </p>
   </div>
   <div class='ocr_carea' id='block_1_23' title="bbox 1521 2965 2587 3388">
    <p class='ocr_par' dir='ltr' id='par_1_32' title="bbox 1525 2965 2036 3004">
     <span class='ocr_line' id='line_1_108' title="bbox 1525 2965 2036 3004; baseline 0.006 -3"><span class='ocrx_word' id='word_1_783' title='bbox 1525 2965 1678 3002; x_wconf 89' lang='lat' dir='ltr'>dacium</span> <span class='ocrx_word' id='word_1_784' title='bbox 1707 2973 1764 3002; x_wconf 91' lang='lat' dir='ltr'>est</span> <span class='ocrx_word' id='word_1_785' title='bbox 1789 2966 1989 3004; x_wconf 81' lang='lat' dir='ltr'>vitandum</span> <span class='ocrx_word' id='word_1_786' title='bbox 2009 2966 2036 3004; x_wconf 63' lang='grc' dir='ltr'>β.</span> 
     </span>
    </p>

    <p class='ocr_par' dir='ltr' id='par_1_33' title="bbox 1521 3019 2587 3388">
     <span class='ocr_line' id='line_1_109' title="bbox 1578 3019 2586 3067; baseline 0.006 -12"><span class='ocrx_word' id='word_1_787' title='bbox 1578 3019 1614 3055; x_wconf 83' lang='grc'>6.</span> <span class='ocrx_word' id='word_1_788' title='bbox 1639 3019 1870 3067; x_wconf 56' lang='lat' dir='ltr'>Part-ernam,</span> <span class='ocrx_word' id='word_1_789' title='bbox 1901 3020 2144 3058; x_wconf 86' lang='lat' dir='ltr'>mendacium</span> <span class='ocrx_word' id='word_1_790' title='bbox 2165 3021 2216 3058; x_wconf 93' lang='lat' dir='ltr'>ob</span> <span class='ocrx_word' id='word_1_791' title='bbox 2235 3022 2313 3059; x_wconf 88' lang='lat' dir='ltr'>hoc</span> <span class='ocrx_word' id='word_1_792' title='bbox 2327 3021 2479 3060; x_wconf 74' lang='lat' dir='ltr'>viderur</span> <span class='ocrx_word' id='word_1_793' title='bbox 2501 3032 2586 3060; x_wconf 85' lang='lat' dir='ltr'>esse</span> 
     </span>
     <span class='ocr_line' id='line_1_110' title="bbox 1524 3072 2586 3125; baseline 0.006 -18"><span class='ocrx_word' id='word_1_794' title='bbox 1524 3079 1723 3119; x_wconf 88' lang='lat' dir='ltr'>peccatum</span> <span class='ocrx_word' id='word_1_795' title='bbox 1753 3072 1841 3121; x_wconf 88' lang='lat' dir='ltr'>quia</span> <span class='ocrx_word' id='word_1_796' title='bbox 1868 3084 1938 3122; x_wconf 90' lang='lat' dir='ltr'>per</span> <span class='ocrx_word' id='word_1_797' title='bbox 1971 3073 2098 3123; x_wconf 83' lang='lat' dir='ltr'>ipsum</span> <span class='ocrx_word' id='word_1_798' title='bbox 2131 3075 2255 3112; x_wconf 83' lang='lat' dir='ltr'>homo</span> <span class='ocrx_word' id='word_1_799' title='bbox 2289 3074 2429 3124; x_wconf 83' lang='lat' dir='ltr'>decipit</span> <span class='ocrx_word' id='word_1_800' title='bbox 2461 3075 2586 3125; x_wconf 58' lang='grc' dir='ltr'>[κοιί-</span> 
     </span>
     <span class='ocr_line' id='line_1_111' title="bbox 1524 3125 2586 3174; baseline 0.007 -14"><span class='ocrx_word' id='word_1_801' title='bbox 1524 3135 1651 3161; x_wconf 90' lang='lat' dir='ltr'>mum:</span> <span class='ocrx_word' id='word_1_802' title='bbox 1671 3125 1774 3162; x_wconf 82' lang='lat' dir='ltr'>unde</span> <span class='ocrx_word' id='word_1_803' title='bbox 1789 3126 2025 3174; x_wconf 85' lang='lat' dir='ltr'>Augustinus</span> <span class='ocrx_word' id='word_1_804' title='bbox 2041 3127 2140 3174; x_wconf 84' lang='lat' dir='ltr'>dicit,</span> <span class='ocrx_word' id='word_1_805' title='bbox 2157 3127 2194 3164; x_wconf 91' lang='lat' dir='ltr'>in</span> <span class='ocrx_word' id='word_1_806' title='bbox 2213 3127 2308 3165; x_wconf 82' lang='lat' dir='ltr'>libro</span> <span class='ocrx_word' id='word_1_807' title='bbox 2323 3134 2458 3166; x_wconf 84' lang='lat' dir='ltr'>contro</span> <span class='ocrx_word' id='word_1_808' title='bbox 2474 3129 2586 3166; x_wconf 68' lang='lat' dir='ltr'>Men-</span> 
     </span>
     <span class='ocr_line' id='line_1_112' title="bbox 1524 3177 2587 3232; baseline 0.006 -19"><span class='ocrx_word' id='word_1_809' title='bbox 1524 3177 1673 3214; x_wconf 79' lang='lat' dir='ltr'>dacium</span> <span class='ocrx_word' id='word_1_810' title='bbox 1691 3177 1731 3214; x_wconf 77' lang='lat'>*2</span> <span class='ocrx_word' id='word_1_811' title='bbox 1764 3178 1938 3228; x_wconf 80' lang='lat' dir='ltr'>Quisquis</span> <span class='ocrx_word' id='word_1_812' title='bbox 1965 3191 2044 3216; x_wconf 88' lang='lat' dir='ltr'>esse</span> <span class='ocrx_word' id='word_1_813' title='bbox 2069 3179 2235 3229; x_wconf 77' lang='lat' dir='ltr'>aliquod·</span> <span class='ocrx_word' id='word_1_814' title='bbox 2252 3192 2374 3232; x_wconf 80' lang='lat' dir='ltr'>genus</span> <span class='ocrx_word' id='word_1_815' title='bbox 2400 3181 2587 3219; x_wconf 72' lang='lat' dir='ltr'>mndacin·</span> 
     </span>
     <span class='ocr_line' id='line_1_113' title="bbox 1524 3230 2584 3283; baseline 0.007 -18"><span class='ocrx_word' id='word_1_816' title='bbox 1524 3230 1626 3277; x_wconf 83' lang='lat' dir='ltr'>quod</span> <span class='ocrx_word' id='word_1_817' title='bbox 1644 3237 1843 3278; x_wconf 86' lang='lat' dir='ltr'>peccatum</span> <span class='ocrx_word' id='word_1_818' title='bbox 1863 3244 1938 3269; x_wconf 91' lang='lat' dir='ltr'>non</span> <span class='ocrx_word' id='word_1_819' title='bbox 1958 3233 2014 3278; x_wconf 74' lang='lat' dir='ltr'>sit,</span> <span class='ocrx_word' id='word_1_820' title='bbox 2029 3234 2229 3281; x_wconf 80' lang='lat' dir='ltr'>putaverit,</span> <span class='ocrx_word' id='word_1_821' title='bbox 2250 3234 2409 3283; x_wconf 79' lang='lat' dir='ltr'>decipiet</span> <span class='ocrx_word' id='word_1_822' title='bbox 2421 3234 2584 3282; x_wconf 72' lang='lat' dir='ltr'>seipsum</span> 
     </span>
     <span class='ocr_line' id='line_1_114' title="bbox 1522 3283 2585 3335; baseline 0.007 -17"><span class='ocrx_word' id='word_1_823' title='bbox 1522 3283 1696 3330; x_wconf 84' lang='lat' dir='ltr'>turpiter:</span> <span class='ocrx_word' id='word_1_824' title='bbox 1722 3295 1807 3320; x_wconf 87' lang='lat' dir='ltr'>cum</span> <span class='ocrx_word' id='word_1_825' title='bbox 1835 3286 2029 3322; x_wconf 85' lang='lat' dir='ltr'>honestum</span> <span class='ocrx_word' id='word_1_826' title='bbox 2056 3298 2096 3323; x_wconf 85' lang='lat' dir='ltr'>se</span> <span class='ocrx_word' id='word_1_827' title='bbox 2122 3287 2355 3335; x_wconf 81' lang='lat' dir='ltr'>deceptorem</span> <span class='ocrx_word' id='word_1_828' title='bbox 2382 3287 2585 3324; x_wconf 64' lang='lat' dir='ltr'>arbinener</span> 
     </span>
     <span class='ocr_line' id='line_1_115' title="bbox 1521 3335 2581 3388; baseline 0.005 -17"><span class='ocrx_word' id='word_1_829' title='bbox 1521 3335 1695 3373; x_wconf 85' lang='lat' dir='ltr'>aliorum.</span> <span class='ocrx_word' id='word_1_830' title='bbox 1723 3337 1800 3374; x_wconf 92' lang='lat' dir='ltr'>Sed</span> <span class='ocrx_word' id='word_1_831' title='bbox 1819 3349 1896 3374; x_wconf 92' lang='lat' dir='ltr'>non</span> <span class='ocrx_word' id='word_1_832' title='bbox 1917 3351 2033 3375; x_wconf 89' lang='lat' dir='ltr'>omne</span> <span class='ocrx_word' id='word_1_833' title='bbox 2052 3339 2296 3377; x_wconf 89' lang='lat' dir='ltr'>mendacium</span> <span class='ocrx_word' id='word_1_834' title='bbox 2317 3347 2373 3377; x_wconf 89' lang='lat' dir='ltr'>est</span> <span class='ocrx_word' id='word_1_835' title='bbox 2392 3339 2581 3388; x_wconf 90' lang='lat' dir='ltr'>deceptio-</span> 
     </span>
    </p>
   </div>
   <div class='ocr_carea' id='block_1_24' title="bbox 1574 3466 2032 3501">
    <p class='ocr_par' dir='ltr' id='par_1_34' title="bbox 1574 3466 2032 3501">
     <span class='ocr_line' id='line_1_116' title="bbox 1574 3466 2032 3501; baseline 0.009 -9"><span class='ocrx_word' id='word_1_836' title='bbox 1574 3466 1599 3500; x_wconf 87' lang='grc' dir='ltr'>β)</span> <span class='ocrx_word' id='word_1_837' title='bbox 1619 3468 1766 3493; x_wconf 80' lang='lat' dir='ltr'>vt&#39;tcmdum.</span> <span class='ocrx_word' id='word_1_838' title='bbox 1785 3483 1803 3488; x_wconf 96' lang='lat'><em>-</em></span> <span class='ocrx_word' id='word_1_839' title='bbox 1818 3474 1955 3501; x_wconf 80' lang='lat' dir='ltr'>peccatum</span> <span class='ocrx_word' id='word_1_840' title='bbox 1976 3471 2032 3496; x_wconf 85' lang='lat' dir='ltr'>Pla.</span> 
     </span>
    </p>
   </div>
   <div class='ocr_carea' id='block_1_25' title="bbox 2617 2230 2826 2259">
    <p class='ocr_par' dir='ltr' id='par_1_35' title="bbox 2617 2230 2826 2259">
     <span class='ocr_line' id='line_1_117' title="bbox 2617 2230 2826 2259; baseline 0 -6"><span class='ocrx_word' id='word_1_841' title='bbox 2617 2232 2626 2242; x_wconf 76' lang='lat'>⁸</span> <span class='ocrx_word' id='word_1_842' title='bbox 2648 2230 2708 2253; x_wconf 80' lang='lat' dir='ltr'>tbid.</span> <span class='ocrx_word' id='word_1_843' title='bbox 2732 2237 2782 2259; x_wconf 77' lang='lat' dir='ltr'>eap-</span> <span class='ocrx_word' id='word_1_844' title='bbox 2804 2238 2826 2257; x_wconf 85' lang='lat' dir='ltr'>x.</span> 
     </span>
    </p>
   </div>
   <div class='ocr_carea' id='block_1_26' title="bbox 2616 2263 2826 2287">
    <p class='ocr_par' dir='ltr' id='par_1_36' title="bbox 2616 2263 2826 2287">
     <span class='ocr_line' id='line_1_118' title="bbox 2616 2263 2826 2287; baseline -0.005 -7"><span class='ocrx_word' id='word_1_845' title='bbox 2616 2263 2676 2280; x_wconf 71' lang='lat' dir='ltr'>vern.</span> <span class='ocrx_word' id='word_1_846' title='bbox 2690 2263 2720 2285; x_wconf 67' lang='grc' dir='ltr'>ιι,</span> <span class='ocrx_word' id='word_1_847' title='bbox 2730 2263 2764 2287; x_wconf 78' lang='lat'>¹³:</span> <span class='ocrx_word' id='word_1_848' title='bbox 2775 2263 2826 2286; x_wconf 79' lang='lat' dir='ltr'>cap.</span> 
     </span>
    </p>
   </div>
   <div class='ocr_carea' id='block_1_27' title="bbox 2760 2867 2823 2889">
    <p class='ocr_par' dir='ltr' id='par_1_37' title="bbox 2760 2867 2823 2889">
     <span class='ocr_line' id='line_1_119' title="bbox 2760 2867 2823 2889; baseline -0.016 0"><span class='ocrx_word' id='word_1_849' title='bbox 2760 2884 2764 2889; x_wconf 92' lang='lat'>.</span> <span class='ocrx_word' id='word_1_850' title='bbox 2784 2867 2823 2889; x_wconf 84' lang='lat' dir='ltr'>lib.</span> 
     </span>
    </p>
   </div>
   <div class='ocr_carea' id='block_1_28' title="bbox 2610 3185 2821 3242">
    <p class='ocr_par' dir='ltr' id='par_1_38' title="bbox 2610 3185 2821 3242">
     <span class='ocr_line' id='line_1_120' title="bbox 2610 3185 2821 3213; baseline 0 -5"><span class='ocrx_word' id='word_1_851' title='bbox 2610 3187 2621 3198; x_wconf 74' lang='lat'>⁸</span> <span class='ocrx_word' id='word_1_852' title='bbox 2647 3186 2684 3208; x_wconf 85' lang='lat' dir='ltr'>De</span> <span class='ocrx_word' id='word_1_853' title='bbox 2703 3185 2821 3213; x_wconf 66' lang='lat' dir='ltr'>Mundae„</span> 
     </span>
     <span class='ocr_line' id='line_1_121' title="bbox 2611 3218 2727 3242; baseline 0 -7"><span class='ocrx_word' id='word_1_854' title='bbox 2611 3219 2661 3242; x_wconf 72' lang='lat' dir='ltr'>esp.</span> <span class='ocrx_word' id='word_1_855' title='bbox 2677 3218 2727 3235; x_wconf 75' lang='lat' dir='ltr'>xxx.</span> 
     </span>
    </p>
   </div>
  </div>
 </body>
</html>
