2860 4244
137 1779 160 1797 ,0
174 1770 239 1793 ‚2127
259 1774 261 1776 ’

969 248 1236 295 QUAESTIO
1266 249 1387 296 LXX,
1415 247 1712 285 ARTICULUS
1740 247 1792 284 lv

297 337 400 367 testes,
425 329 451 360 si
473 330 690 360 iuramentum
713 338 779 358 non
797 326 997 358 intervenerit
1019 336 1141 362 eorum,
1165 327 1205 356 ad
1227 327 1356 357 menda-

298 374 382 406 cium
406 373 630 414 perniciosum.
658 372 756 413 Igitur
777 372 894 402 iniusta
916 370 1083 406 sententia,
1107 380 1189 410 quae
1213 377 1259 401 est
1282 380 1356 401 con-

297 418 398 449 clusio
420 417 529 448 iniusti
551 416 669 453 iudicii,
693 426 758 447 non
774 415 892 456 obligat
907 424 998 445 reum
1021 414 1060 444 ad
1083 414 1293 454 perniciosam
1307 414 1357 444 in-

297 461 521 493 obedientiam.
551 461 602 492 Sic
625 460 711 491 enim
728 459 979 509 ,se-habeprous
987 457 1049 503 „gad
1065 458 1253 490 sententiam
1276 458 1358 497 sicut

297 513 390 537 testes
413 504 555 546 requisiti
577 511 609 535 et
632 494 925 535 coacti'affliiidffiii
939 500 1142 543 processum.
1296 502 1299 509 '

354 550 406 581 111.
428 550 480 580 Ad
502 549 565 580 hoc
588 547 702 579 dicitur
723 547 812 588 quod
834 546 923 577 aliter
944 546 978 578 in
1001 555 1080 586 pure
1103 546 1277 576 moralibus
1300 545 1358 577 uti-

298 604 371 624 mur
393 591 578 625 nominibus
589 589 702 622 iudicii
716 597 748 621 et
762 590 949 626 sententiae3
975 594 1006 621 et
1020 589 1108 620 aliter
1122 589 1249 620 iuristae
1265 595 1358 620 utun-

297 645 349 669 tur
370 637 442 668 illis.
465 636 507 668 Et
529 642 695 677 propterea
717 634 829 665 accidit
851 640 887 664 ut
909 634 1055 669 morales,
1076 634 1115 663 ad
1131 634 1232 664 solam
1247 634 1358 663 reive-

297 682 421 712 ritatem
443 686 629 721 spectantes,
646 688 712 709 non
728 678 924 718 distinguant
938 677 1018 708 inter
1033 677 1188 708 iudicium
1203 677 1358 708 iniustum
1383 675 1385 678 ’

298 732 329 756 et
352 725 492 760 nullum;
516 723 643 754 iux-istae
659 729 767 753 autem
788 722 870 752 inter
885 731 921 752 ea
936 721 1139 762 distinguant.
1163 721 1249 752 Scito
1264 721 1358 761 igitur

298 769 388 811 quod
414 767 568 799 sententia
597 767 730 802 iniusta,
757 766 831 797 licet
852 766 938 806 apud
960 766 1102 804 iuristas,
1126 771 1163 796 ut
1189 771 1275 807 patet
1296 764 1356 800 XI,

297 822 352 854 qu.
368 823 411 848 m,
434 810 622 852 Episcopus,
646 810 679 840 in
702 809 877 841 subiunctis
900 819 956 850 per
979 808 1179 845 Gratianum,
1204 807 1357 848 multipli-

298 857 374 887 citer
397 855 532 886 dicatur:
556 855 674 886 scilicet
696 854 747 885 vel
770 864 812 884 ex
833 855 951 891 animo,
977 859 1012 885 ut
1035 862 1110 884 cum
1133 852 1205 893 quis
1228 861 1265 882 ex
1280 851 1356 882 odio

298 899 490 932 condemnat
511 898 670 940 aliquem;
699 899 751 929 vel
773 907 816 929 ex
836 898 966 935 ordine,
990 904 1028 928 ut
1049 906 1124 928 cum
1146 905 1212 927 non
1235 902 1357 926 servato

297 944 374 975 iuris
397 943 507 974 ordine
531 943 736 978 condemnat;
761 942 811 972 vel
834 952 876 972 ex
897 950 1008 979 causa,
1032 947 1070 972 ut
1091 949 1165 970 cum
1186 939 1260 980 quis
1283 948 1359 969 con-

297 989 426 1020 demnat
447 987 667 1018 innocentem:
691 1003 712 1009 —
734 987 774 1017 ad
792 992 939 1017 nostrum
961 984 1174 1025 propositum,
1198 989 1235 1015 ut
1255 982 1290 1013 in
1308 982 1357 1013 lit-
1383 980 1386 1032 Ι

297 1039 362 1063 tera
385 1038 479 1073 patet,
503 1031 657 1062 sententia
678 1030 771 1061 tertio
786 1029 886 1060 modo
907 1029 1024 1060 iniusta
1042 1033 1180 1068 spectat:
1203 1026 1358 1068 quoniam

297 1076 367 1107 talis
390 1075 543 1106 sententia
566 1081 613 1106 est
634 1084 691 1117 per
713 1084 746 1104 se
769 1073 893 1114 iniqua;
917 1071 1056 1113 reliquae
1071 1077 1179 1102 autem
1197 1070 1279 1101 duae
1302 1080 1358 1111 per
1384 1099 1385 1103 ,

298 1120 457 1156 accidens,
482 1126 518 1150 ut
539 1119 660 1159 prima,
685 1124 740 1148 aut
762 1117 852 1158 quasi
879 1126 936 1156 per
959 1115 1119 1152 acciaens,
1143 1121 1180 1146 ut
1208 1115 1357 1153 secunda„

297 1165 346 1195 De
365 1163 519 1195 sententia
537 1173 612 1203 ergo
627 1162 743 1192 iniusta
765 1161 841 1202 quia
856 1160 973 1191 scilicet
987 1160 1143 1190 iniustum
1159 1159 1357 1195 determinat,

297 1214 376 1249 puta
398 1206 636 1238 damnationem
658 1204 845 1241 innocentis,
869 1204 1041 1235 dicendum
1064 1210 1110 1234 est
1136 1204 1226 1244 quod
1249 1213 1359 1234 secun·
1385 1204 1386 1232 ζ

298 1252 376 1283 dum
398 1251 562 1282 veritatem
584 1258 651 1280 non
673 1255 720 1280 est
741 1248 914 1280 sententia:
939 1254 970 1279 et
987 1247 1130 1279 similiter
1144 1246 1300 1278 iudicium
1314 1246 1360 1278 sic

297 1295 452 1326 iniustum
473 1303 540 1325 non
563 1300 610 1324 est
631 1293 796 1324 iudicium.
821 1293 862 1323 Et
880 1292 959 1322 ratio
974 1298 1021 1323 est
1042 1292 1118 1333 quia
1139 1291 1294 1322 iudicium
1313 1297 1360 1322 est

183 1347 239 1371 ιιι»)
259 1347 262 1350 ⁴
296 1338 518 1373 demoratio
537 1337 623 1374 iusti,
647 1344 684 1368 ut
706 1337 852 1378 superius
874 1343 960 1377 patet
980 1336 1016 1368 in
1038 1345 1093 1377 qu.
1116 1346 1172 1372 Lx,
1196 1342 1251 1367 art.
1273 1344 1304 1372 ις
1329 1341 1360 1366 et
1385 1347 1387 1363 e

294 1382 451 1435 ‘optanda
472 1388 521 1414 ut
541 1381 624 1428 sicut
644 1381 694 1413 lex
715 1380 912 1422 particularis
937 1381 971 1411 in
994 1379 1175 1421 particulari
1197 1379 1299 1416 facto,
1324 1385 1360 1410 ut
1385 1389 1387 1420 g

338 1446 352 1452 --
468 1432 541 1468 qm
554 1435 636 1458 van
663 1425 809 1466 superius
838 1424 934 1456 etiam
963 1431 1058 1465 patet.
1089 1423 1226 1455 Constat
1251 1429 1360 1454 autem
1385 1426 1387 1461 ξ

287 1433 629 1548 warmundo
653 1469 778 1506 iniusti,
796 1467 900 1510 ''quam
923 1467 1077 1509 significat
1099 1467 1255 1498 iniustum
1277 1466 1359 1498 iudi·
1385 1491 1387 1511 ζ

294 1511 299 1523 ’
384 1537 394 1551 ,
417 1523 485 1546 non
503 1521 551 1545 est
573 1511 794 1545 determinatio
807 1512 891 1548 iusti,
907 1521 1007 1553 quam
1022 1510 1176 1552 significat
1189 1510 1358 1542 iudicium:
1385 1518 1386 1523 ¹

294 1563 356 1597 nec
377 1559 429 1590 lex
449 1558 560 1600 iniqua
581 1557 786 1599 particularis,
809 1565 908 1597 quam
928 1555 1085 1596 significat
1103 1555 1220 1586 iniusta
1235 1561 1359 1586 senten·

294 1603 358 1641 tit.
380 1609 428 1636 est
454 1603 504 1640 len
531 1601 746 1644 particularia,
769 1610 868 1642 quam
893 1599 1049 1640 significat
1075 1599 1244 1636 sententia;
1278 1598 1360 1631 sicut

298 1683 299 1686 Ἰ
322 1647 513 1691 ζνεηιῆεοι·
531 1652 621 1688 Υῐιιῑεῐ
642 1645 733 1688 quod
754 1645 839 1686 leges
861 1644 992 1686 iniquae
1014 1653 1080 1674 non
1096 1650 1171 1674 sunt
1191 1643 1286 1684 leges,
1303 1642 1359 1674 sed

387 1724 391 1731 5
429 1688 659 1732 corruptiones.
682 1687 775 1722 Unde
797 1698 857 1720 nec
879 1688 1029 1729 iniquum
1051 1686 1205 1719 iudicium
1228 1697 1286 1718 nec
1309 1686 1357 1717 in-

389 1734 548 1769 'sententia
561 1734 630 1766 vim
642 1733 740 1772 habet
754 1732 971 1773 obligativam.
994 1732 1035 1763 Et
1058 1738 1234 1772 propterea,
1258 1740 1358 1772 quan-

391 1785 441 1811 est
465 1787 504 1810 ex
528 1778 616 1819 parte
641 1778 708 1814 sui,
734 1786 802 1808 non
819 1776 949 1817 *obligat
978 1781 1090 1812 testes,
1114 1775 1277 1807 ministros
1304 1781 1359 1806 aut

295 1828 406 1856 Μαικ-
423 1823 505 1855 Dioo
526 1829 652 1859 autm,
677 1832 718 1853 ex
735 1826 833 1862 parte
853 1822 924 1852 sui:
955 1820 1031 1862 quia
1053 1820 1182 1851 aliunde
1204 1819 1359 1860 contingit

295 1868 494 1910 &nudoque
511 1867 604 1910 quod
623 1865 811 1899 huiusmodi
825 1865 986 1897 sententiis
1005 1865 1182 1906 parendum
1198 1871 1255 1901 est,
1278 1870 1357 1904 puta

296 1911 330 1954 si
344 1910 498 1944 iniustitia
518 1917 664 1953 autnon
687 1909 886 1942 contineatur
907 1909 941 1940 in
964 1909 1128 1945 sententia,
1151 1915 1207 1940 aut
1228 1918 1296 1939 non
1319 1907 1359 1939 sit

297 1955 465 1994 manifesta
487 1954 566 1987 aliis.
595 1954 628 1987 si
651 1954 738 1986 enim
765 1954 800 1985 in
831 1954 986 1986 sententia
1012 1952 1180 1985 manifesta
1206 1951 1359 1984 iniustitia

295 1996 494 2038 continetur,
517 2005 595 2031 tunc
621 1999 762 2030 continet
787 2007 926 2030 errorem
947 1997 1196 2033 intolerabilem,
1221 2003 1252 2028 et
1273 1996 1359 2038 apud

259 2038 262 2042 ’
298 2042 423 2076 insistas
445 2043 541 2075 etiam
559 2050 611 2074 est
633 2043 731 2075 nulla.
756 2041 788 2074 Si
811 2052 879 2074 non
901 2042 1082 2074 continetur
1095 2041 1128 2072 in
1145 2040 1299 2072 sententia
1313 2041 1359 2071 in—

1250 2088 1268 2112 ³*

2397 256 2462 281 121

1383 339 1385 354 ε
1409 326 1541 362 iustitia;
1566 332 1636 361 aut,
1661 325 1687 356 si
1711 324 1907 360 continetur,
1932 333 1999 354 non
2021 331 2127 355 tamen
2151 330 2197 354 est
2220 322 2345 363 publice
2369 323 2471 352 mani-

1410 371 1505 401 festa:
1533 377 1627 408 tunc,
1651 369 1796 410 quamvis
1819 368 1996 399 secundum
2019 367 2182 398 veritatem
2205 367 2245 397 sit
2268 367 2371 403 nulla,
2397 366 2471 407 quia

1409 421 1516 445 tamen
1540 424 1607 444 non
1630 419 1751 454 spectat
1773 413 1812 443 ad
1836 412 2027 453 quemlibet,
2052 412 2107 442 sed
2131 411 2170 442 ad
2197 411 2358 451 publicam
2381 417 2471 450 pote-

1382 416 1386 494 ἱ
1410 465 1523 490 statem
1545 463 1641 500 atque
1656 456 1830 497 seientiam,
1848 456 1927 488 haec
1935 456 2115 500 decernere,
2133 455 2272 486 timenda
2288 461 2344 492 est,
2363 462 2393 485 et
2416 465 2471 494 ap-

1382 504 1384 539 }
1410 501 1595 542 pellandum
1618 499 1667 531 vel
1691 499 1767 531 alias
1790 501 2015 531 recurrendum
2034 500 2079 530 ad
2103 499 2318 540 superiorem,
2342 508 2380 528 ne
2404 498 2471 538 ipse

1382 541 1384 548 ⁴
1411 551 1613 585 contemptus
1637 545 1808 576 sententiae
1832 544 2022 585 culpabilem
2045 554 2120 575 eum
2139 543 2258 574 reddat.
2283 543 2323 574 Et
2347 543 2408 572 hoc
2424 542 2473 572 in-

1411 589 1559 620 tendebat
1581 588 1752 628 Gregorius
1775 598 1831 629 per
1853 588 1942 624 illud,
1966 588 2131 619 Sententia
2149 588 2302 628 pastoris.
2332 586 2374 617 Et
2396 586 2473 616 haec

1412 633 1554 663 doctrina
1578 639 1732 662 consonat
1755 639 1861 673 aperte
1885 632 2100 672 superioribus
2124 631 2213 662 dictis
2229 631 2268 661 ab
2286 633 2424 661 Auctore
2440 630 2472 660 in

1411 687 1466 718 qu.
1483 686 1552 711 miv,
1577 682 1633 706 art.
1652 676 1683 711 6,
1707 676 1746 705 ad
1765 677 1792 712 3,
1818 683 1848 706 et
1871 676 1960 706 dictis
1984 676 2017 705 in
2040 686 2095 716 qu.
2111 686 2203 712 mvn,
2230 682 2287 706 art.
2306 685 2334 705 2.

1467 720 1519 750 Ad
1542 719 1664 749 obiecta
1687 729 1762 759 ergo
1786 720 1818 749 in
1839 720 2026 760 oppositum
2049 719 2162 750 dicitur
2184 719 2274 760 quod
2297 718 2472 749 secundum

1411 763 1575 795 veritatem
1597 762 1750 794 sententia
1765 763 1882 794 iniusta
1905 773 1972 794 non
1988 770 2034 794 est
2057 763 2220 800 sententia,
2245 769 2276 793 et
2299 769 2345 793 est
2362 762 2471 792 nulla:

1412 807 1467 838 sed
1490 806 1576 847 apud
1597 806 1722 837 iuristas
1746 813 1776 837 et
1798 807 1952 838 sententia
1971 807 2086 838 iniusta
2107 806 2311 838 communius
2328 805 2472 843 sumitur,

1412 857 1448 882 ut
1470 851 1591 881 dictum
1615 857 1674 886 est3
1705 856 1736 881 et
1758 860 1866 881 rursus
1889 851 1983 881 etiam
2005 851 2159 882 sententia
2181 851 2297 882 iniusta
2321 860 2358 881 ex
2381 859 2474 881 causa

1383 855 1386 935 Ι
1412 895 1498 934 apud
1527 903 1582 924 eos
1613 903 1679 924 non
1709 904 1833 934 semper
1862 901 1909 925 est
1931 895 2028 926 nulla.
2060 895 2143 932 Quia
2172 895 2211 925 ad
2234 894 2393 935 publicam
2418 904 2472 925 seu

1384 937 1386 973 ῑ
1412 937 1612 968 manifestam
1635 938 1781 968 notitiam
1804 937 1864 978 ipsi
1879 937 2062 978 respiciunt:
2088 939 2223 969 morales
2239 945 2346 969 autem
2361 938 2400 968 ad
2422 948 2474 968 so-

1411 982 1477 1013 lam
1499 981 1679 1018 veritatem,
1704 981 1839 1012 dicendo
1864 983 1952 1023 quod
1976 982 2064 1012 nulla
2087 990 2134 1014 est
2155 983 2188 1012 in
2211 982 2350 1013 veritate.
2381 982 2473 1013 Unde

1412 1036 1478 1057 non
1501 1025 1691 1056 interimitur
1713 1035 1751 1056 ex
1773 1026 1831 1056 hac
1854 1025 1996 1057 doctrina
2019 1026 2178 1057 distinctio
2202 1026 2392 1057 iuristarum.

1467 1070 1542 1100 Non
1559 1068 1745 1100 contradicit
1768 1079 1898 1110 quoque
1923 1069 2066 1100 doctrina
2088 1071 2164 1100 haec
2188 1070 2281 1100 sacris
2300 1070 2474 1100 canonibus

1384 1113 1386 1145 ξ
1412 1113 1651 1146 decernentibus
1675 1113 1763 1154 quod
1779 1113 1895 1144 iniusta
1911 1114 2065 1145 sententia
2088 1114 2127 1144 sit
2150 1114 2291 1145 timenda
2314 1120 2344 1144 et
2368 1123 2475 1144 execu-

1383 1156 1387 1198 ᾗ
1412 1157 1492 1189 tioni
1515 1157 1713 1193 mandanda,
1738 1163 1774 1188 ut
1798 1168 1866 1197 cap.
1891 1158 2084 1194 Pastoralis,
2109 1158 2148 1188 de
2174 1157 2291 1199 Officio
2313 1158 2427 1198 Deleg.
2444 1157 2470 1194 *‚

1412 1202 1535 1233 dicitur.
1568 1201 1733 1239 Quoniam
1759 1201 1810 1232 hic
1833 1201 1913 1232 vires
1937 1201 2109 1232 sententiae
2131 1201 2266 1232 iniustae
2293 1202 2473 1232 traduntur:

1411 1246 1455 1278 ibi
1478 1254 1515 1276 ex
1538 1245 1751 1276 accidentibus
1774 1245 2026 1282 circumstantiis,
2051 1245 2167 1276 scilicet
2189 1245 2265 1286 quia
2281 1246 2404 1276 occulta
2420 1255 2475 1276 seu

1413 1290 1562 1331 ambigua
1583 1290 1634 1320 vel
1657 1299 1723 1320 non
1747 1289 1912 1321 manifesta
1934 1289 1995 1320 iuri
2018 1289 2171 1320 iniustitia
2187 1296 2242 1326 est,
2260 1289 2475 1320 subiectorum

1412 1334 1555 1367 officium
1578 1333 1813 1370 determinatur,
1837 1334 1926 1375 quod
1949 1333 2075 1370 scilicet,
2093 1340 2165 1365 ante
2181 1333 2346 1366 manifeste
2359 1343 2475 1374 propa-

1411 1379 1509 1410 latam
1527 1377 1724 1415 iniustitiam,
1741 1377 1882 1409 timenda
1897 1384 1944 1408 est
1959 1384 2014 1408 aut
2029 1378 2212 1419 exequenda
2228 1384 2274 1408 est
2289 1387 2308 1408 a
2329 1377 2474 1409 subditis.

1467 1423 1509 1453 Et
1532 1432 1568 1453 ex
1590 1420 1640 1452 his
1667 1421 1811 1463 sequitur
1833 1422 1923 1464 quod
1951 1422 1977 1452 si
2006 1421 2084 1452 mihi
2113 1428 2236 1453 constet
2265 1421 2298 1452 in
2330 1431 2384 1452 me
2407 1431 2474 1452 esse

1413 1466 1571 1507 prolatam
1593 1466 1782 1496 sententiam
1805 1465 2142 1496 excommunicationis
2166 1466 2335 1503 iniustam,
2358 1465 2388 1496 ni
2408 1475 2475 1497 non

1413 1519 1547 1551 possum
1570 1509 1660 1540 aliter
1681 1519 1787 1540 meam
1801 1509 2017 1540 innocentiam
2031 1509 2122 1546 tueri,
2139 1509 2322 1550 simpliciter
2341 1509 2394 1540 vel
2416 1518 2475 1550 pro

1412 1563 1508 1590 nunc,
1532 1563 1666 1594 possum
1696 1553 1832 1589 interim,
1855 1554 1971 1585 evitato
1998 1554 2156 1590 scandalo,
2185 1554 2334 1584 interesse
2357 1560 2476 1584 secreto

1410 1598 1486 1632 loco
1510 1597 1623 1629 divinis
1644 1604 1674 1628 et
1697 1597 1867 1634 celebrare;
1891 1604 1922 1628 et
1943 1597 2055 1628 eadem
2078 1598 2208 1634 ratione,
2229 1598 2276 1628 illi
2299 1597 2354 1638 qui
2378 1607 2475 1628 nove-

1412 1649 1487 1674 runt
1509 1651 1562 1672 me
1584 1641 1689 1672 virum
1716 1642 1819 1673 bonae
1843 1641 2052 1672 conscientiae
2085 1648 2115 1672 et
2145 1642 2277 1672 credunt
2304 1651 2356 1672 me
2383 1641 2474 1672 inno-

1384 1689 1387 1703 *
1413 1693 1546 1722 centem,
1564 1685 1710 1726 quamvis
1726 1684 1825 1716 sciant
1839 1695 1890 1716 me
1907 1686 2230 1722 excommunicatum,
2247 1692 2382 1726 possunt
2397 1685 2475 1716 mihi

1413 1730 1527 1762 servire
1553 1730 1586 1760 in
1610 1729 1714 1760 missa
1735 1737 1790 1761 aut
1820 1728 2006 1770 participare
2034 1729 2109 1760 alias
2139 1729 2173 1759 in
2202 1729 2331 1766 divinis,
2356 1736 2475 1760 secreto

1412 1781 1529 1806 tamen.
1559 1773 1723 1812 Quoniam
1746 1773 1957 1805 sicfaciendo
1981 1779 2012 1804 et
2033 1773 2164 1805 timetur
2184 1773 2300 1804 iniusta
2323 1773 2476 1804 sententia

1413 1829 1448 1850 ac
1472 1818 1650 1850 executioni
1673 1819 1842 1849 mandatur
1864 1818 1896 1848 in
1920 1818 2065 1858 publico;
2090 1824 2121 1848 et
2143 1817 2254 1848 satisfit
2275 1817 2394 1848 iudicio
2417 1817 2475 1847 hu-

1407 1873 1510 1904 mano
1533 1862 1686 1895 iudicanti
1703 1872 1786 1903 quae
1802 1861 1878 1893 foris
1893 1869 1977 1898 sunt,
1993 1862 2071 1893 dum
2085 1861 2252 1893 manifeste
2265 1861 2374 1892 vident
2387 1861 2476 1902 quod

1412 1917 1479 1939 non
1502 1907 1716 1938 contemnitur
1738 1906 1897 1938 Ecclesiae
1911 1906 2098 1949 auctoritas;
2122 1913 2153 1937 et
2175 1916 2240 1936 non
2264 1905 2405 1947 privatur
2427 1905 2476 1936 in-

1413 1961 1532 1983 nocens
1555 1950 1689 1982 omnino
1712 1950 1927 1992 spiritualibus
1951 1949 2221 1982 consolationibus
2245 1946 2368 1980 animae
2390 1959 2475 1986 suae,

1413 1996 1469 2038 qui
1492 1996 1525 2026 in
1548 1996 1677 2026 veritate
1700 2000 1766 2026 non
1790 2001 1836 2026 est
1859 1994 2170 2031 excommunicatus,
2194 1993 2269 2035 quia
2291 1993 2325 2024 in
2347 1993 2476 2024 veritate

1413 2039 1566 2071 sententia
1590 2039 1707 2070 iniusta
1730 2049 1796 2070 non
1821 2045 1868 2070 est
1890 2038 2053 2070 sententia.

445 3604 552 3628 Sumam
571 3603 671 3627 Τεεοι.
692 3602 723 3626 D.
742 3602 855 3626 ΤιιοΜΑε
875 3602 905 3626 T.
925 3602 968 3625 Vl.

2303 3595 2334 3619 16

2504 1159 2510 1165 ¹
2516 1155 2552 1178 Cf.
2559 1156 2712 1178 cit.can.Sen-

2502 1182 2583 1209 tentia,
2594 1188 2656 1204 caus.
2672 1182 2713 1208 XI,

2503 1215 2542 1236 qu.
2557 1215 2591 1230 m.
