2860 4238
904 223 1168 269 QUAESTIO
1198 225 1369 274 CXVIII,
1399 227 1692 265 ARTICULUS
1722 229 1806 266 VIII

270 296 333 342 tia,
362 296 625 343 inhumanitas,
654 298 852 345 rapacitas.
883 299 984 346 Ergo
1013 299 1133 348 prima
1163 302 1326 349 assigna-
1349 303 1352 354 J

269 348 321 384 tio
348 348 514 386 filiarum
542 350 610 386 fuit
636 349 877 396 insufficiens.

321 413 358 447 4.
389 401 621 449 PRAETEREA,
641 403 909 452 Philosophus,
930 403 970 441 in
988 405 1039 441 IV
1057 406 1176 442 Ethic.
1196 406 1227 453 ²⁸,
1256 419 1324 455 po-

269 453 322 490 nit
342 455 459 491 multa
477 467 616 502 genera
634 456 814 493 vitiorum
835 457 1101 504 pertinentium
1123 459 1170 495 ad
1191 463 1206 486 Υ
1235 471 1323 496 ava-

269 506 409 553 ritiam,
448 519 563 554 quam
601 508 883 546 illiberalitatem
922 510 1111 546 nominat:
1149 511 1325 548 videlicet

262 571 414 607 parcos,
435 566 592 605 tenaces,
612 562 792 598 lcimibiles
810 560 834 606 ὅ,
866 563 1063 599 illiberales
1093 565 1325 611 operationes

268 618 474 660 operantes,
502 619 536 649 et
562 615 608 650 de
639 615 847 651 meretricio
871 621 1017 663 pastos,
1047 623 1083 652 et
1113 620 1322 665 usurarios,
1348 630 1350 636 ’

267 667 465 711 aleatores,
495 672 531 702 et
555 673 790 703 mortuorum
822 669 1059 715 spoliatores,
1089 675 1124 704 et
1148 670 1322 709 latrones.

267 719 368 765 Ergo
397 718 548 755 videtur
574 720 679 766 quod
706 721 897 768 praedicta
935 723 1169 759 enumeratio
1198 724 1242 760 sit
1270 725 1324 761 in-

267 770 471 807 sufficiens.

323 824 355 860 5.
376 824 610 869 PRAETEREA,
639 825 787 872 tyranni
816 826 982 863 maxime
1009 827 1207 864 violentias
1236 830 1322 866 sub-

266 875 350 913 ditis
374 876 548 913 inferunt.
578 876 677 914 Dicit
696 886 823 914 autem
843 880 1110 928 Philosophus,
1129 880 1270 918 ibidem
1291 882 1322 928 *,

266 929 371 977 quod
400 935 583 977 tyrannos
610 931 774 967 civitates
793 932 999 969 desolantes
1026 938 1062 968 et
1085 945 1197 970 sacra
1211 946 1324 981 prae·

264 983 394 1019 dantes
421 995 495 1019 non
516 983 673 1019 dicimus
691 984 899 1030 illiberales,
919 986 1015 1022 idest
1041 997 1191 1022 avaros.
1221 988 1322 1034 Ergo

263 1035 446 1072 violentia
473 1048 551 1072 non
580 1036 693 1073 debet
720 1037 812 1085 poni
840 1038 918 1074 filia
945 1038 1137 1075 avaritiae.

319 1090 392 1126 SED
422 1100 567 1125 CONTRA
594 1101 660 1125 Es‘r
688 1090 793 1136 quod
821 1091 1045 1138 Gregorius,
1075 1092 1200 1127 XXXI
1234 1092 1323 1127 Mo-

180 1151 186 1162 ‘
230 1142 238 1185 '1
264 1142 335 1180 ral.
350 1142 381 1189 ²¹²,
397 1142 561 1190 assignat
579 1142 759 1179 avaritiae
777 1143 872 1180 filias
891 1144 996 1192 prius
1010 1143 1050 1166 *³¹²
1069 1151 1321 1182 enumeratas,

318 1196 543 1232 Responnsso
575 1206 762 1232 DICENDUM
795 1197 900 1243 quod
927 1197 1027 1233 filiae
1061 1198 1239 1234 avaritiae
1270 1197 1323 1234 di-

263 1256 398 1285 cuntur
423 1247 517 1295 vitia
544 1260 643 1296 quae
671 1261 716 1285 ex
744 1249 824 1296 ipsa
853 1249 1035 1294 oriuntur,
1066 1258 1102 1286 et
1119 1250 1323 1299 praecipue
1348 1251 1349 1284 ἰ

247 1301 475 1339 <seeundum
494 1299 714 1349 *appetitum
742 1302 829 1339 finis
847 1302 878 1340 ²¹⁸.
917 1303 1017 1349 Quia
1044 1315 1138 1340 vero
1166 1303 1322 1340 avaritia

263 1363 319 1392 est
346 1355 562 1403 superfluus
589 1367 700 1392 amor
725 1355 891 1406 habendi
921 1356 1080 1403 divitias,
1105 1357 1143 1393 in
1171 1357 1322 1394 duobus

263 1408 419 1445 excedit.
448 1408 579 1445 Primo
608 1408 722 1454 enim,
745 1409 1030 1456 superabundat
1054 1410 1091 1446 in
1112 1409 1320 1446 retinendo.

262 1461 312 1498 Et
340 1474 385 1498 ex
413 1462 485 1498 hae
503 1468 608 1510 parte
628 1462 746 1498 oritur
775 1474 819 1498 ex
845 1462 1001 1499 avaritia
1020 1463 1216 1500 obduratio
1236 1475 1322 1499 con·
1347 1462 1349 1506 ἶ

262 1515 321 1552 tra
348 1515 662 1552 misericordiam.-
690 1514 780 1562 quia
808 1515 947 1552 scilicet
976 1527 1042 1552 cor
1070 1515 1149 1552 eius
1178 1516 1322 1553 miseri·
1347 1518 1349 1546 ἶ

262 1567 392 1606 cordia
420 1580 499 1606 non
518 1568 718 1614 emollitur,
740 1570 782 1604 u't
801 1569 847 1604 de'
869 1568 1006 1605 divitiis
1026 1568 1103 1604 suis
1122 1570 1323 1606 subveniat

261 1621 422 1659 miseris.
452 1643 476 1650 -
505 1620 695 1666 Secundo,
717 1621 765 1658 ad
784 1621 980 1658 avaritiam
1006 1622 1165 1669 pertinet
1193 1635 1322 1671 super-

261 1674 457 1712 abundare
484 1674 523 1710 in
550 1674 784 1722 accipiendo.
815 1674 864 1710 Et
883 1675 1095 1711 secundum
1125 1676 1212 1722 hoc,
1233 1689 1321 1713 ava-

260 1727 343 1765 ritia
369 1734 494 1776 potest
513 1727 743 1764 considerari
768 1727 975 1775 dupliciter.
1005 1728 1091 1765 Uno
1112 1730 1243 1775 modo,
1265 1742 1321 1766 se—

261 1780 430 1818 cundum
459 1780 563 1829 quod
591 1788 647 1817 est
674 1780 713 1816 in
741 1779 889 1816 affectu.
928 1781 976 1817 Et
1005 1781 1057 1818 sic
1086 1793 1131 1818 ex
1167 1783 1322 1820 avaritia

261 1834 379 1871 oritur
406 1834 631 1882 inquietudo,
661 1833 886 1881 inquantum
916 1833 1050 1881 ingerit
1071 1835 1218 1871 homini
1246 1838 1320 1872 sol-

259 1887 492 1924 licitudinem
513 1894 549 1923 et
568 1898 676 1924 curas
695 1887 928 1935 superfluas:
957 1899 1098 1924 avarus
1123 1889 1224 1926 enim
1245 1902 1320 1926 non

261 1940 435 1988 impletur
452 1945 464 1962 ⁸
486 1941 666 1988 pecunia,
695 1947 736 1976 ut
765 1939 900 1977 dicitur
926 1941 1050 1978 Eccle.
1077 1953 1101 1976 v
1120 1941 1151 1978 ³¹⁶.
1181 1963 1205 1969 -
1233 1943 1320 1980 Alio

261 1994 400 2041 modo,
420 2001 545 2042 potest
564 1992 794 2030 considerari
813 1993 851 2030 in
882 1992 1030 2030 effectu.
1065 1994 1112 2030 Et
1132 1995 1185 2031 sic
1203 1995 1241 2032 in
1261 2008 1322 2033 ac-

260 2047 447 2095 quirendo
467 2046 589 2083 aliena
602 2046 717 2084 utitur
731 2047 962 2094 quandoque
977 2047 1132 2096 quidem
1150 2048 1201 2095 vi,
1217 2050 1321 2097 quod

259 2100 420 2149 pertinet
455 2100 504 2136 ad
541 2099 756 2144 violentias,·
792 2100 1025 2148 quandoque
1058 2109 1185 2138 autem
1216 2102 1319 2141 dolo.

261 2153 339 2200 Qui
357 2152 370 2179 ζ
398 2153 553 2202 quidem
574 2153 604 2190 si
626 2154 694 2190 fiat
712 2153 749 2189 in
767 2153 901 2198 verbo,
923 2153 992 2190 erit
1002 2154 1179 2202 fallacia,
1200 2167 1319 2204 quan-

259 2214 342 2244 tum
363 2207 412 2244 ad
431 2206 590 2254 simplex
609 2207 790 2251 verbum;
817 2207 1029 2254 periurium
1050 2216 1176 2244 autem
1205 2209 1235 2245 si
1255 2210 1320 2246 ad-

261 2260 371 2297 datur
385 2259 624 2296 confirmatio
640 2259 852 2296 iuramenti.
879 2259 916 2296 Si
937 2268 1064 2296 autem
1086 2262 1194 2298 dolus
1215 2274 1319 2298 com-

260 2313 427 2351 mittatur
445 2312 483 2349 in
503 2325 632 2361 opere,
654 2313 717 2355 sic,
738 2321 922 2359 quantum
945 2313 993 2349 ad
1013 2326 1084 2360 res,
1106 2314 1172 2350 erit
1180 2316 1319 2363 fraus,-

260 2373 447 2414 quantum
476 2373 602 2402 autem
624 2367 672 2402 ad
700 2378 895 2414 personas,
910 2367 1075 2414 proditio
1098 2373 1128 2413 η,
1150 2376 1190 2404 ut
1217 2376 1319 2416 patet

227 2425 234 2436 '
261 2420 309 2457 de
338 2419 443 2465 Iuda,
474 2419 537 2467 qui
567 2431 611 2454 ex
641 2419 795 2455 avaritia
823 2419 989 2467 prodidit
1017 2419 1208 2457 Christum
1228 2421 1258 2458 ²¹⁶.

310 2534 337 2567 γ)
356 2533 401 2558 ad.
410 2547 428 2552 -
442 2536 497 2558 tam
511 2534 548 2558 ad
562 2534 627 2558 BEK
635 2542 643 2565 ;
657 2542 704 2567 pro
719 2534 932 2564 illiberalstatem,
946 2536 984 2560 ad
996 2536 1202 2561 illiberalitatem
1217 2537 1319 2567 BEIsK,

258 2569 295 2594 ad
314 2569 500 2594 liberalitatem
518 2569 638 2601 ADpCK,
661 2570 698 2594 ad
715 2570 901 2595 liberalitatem
921 2571 1126 2596 illiberalitatem
1145 2572 1174 2601 F,
1193 2577 1254 2605 post
1274 2580 1319 2597 no-

258 2603 345 2629 minat
361 2609 462 2636 ponunt
481 2604 527 2628 Pa.

311 2638 336 2671 ὃ)
355 2639 493 2663 kimibiles.
509 2652 529 2658 -
545 2639 588 2670 Ita,
607 2640 649 2663 vel
667 2640 821 2672 kymibiles,
843 2641 963 2665 meliores
990 2642 1090 2666 codices
1110 2647 1239 2674 quotquot
1254 2643 1314 2667 vidi·

258 2681 332 2704 mus3
351 2674 473 2699 kimbices
498 2679 542 2698 aut
561 2674 717 2699 kiminibiles
735 2675 821 2699 nullus
845 2683 892 2700 nec
916 2676 965 2700 hoc
983 2676 1055 2706 loco,
1075 2685 1122 2702 nec
1140 2677 1165 2701 in
1190 2678 1318 2702 solutione

259 2709 410 2742 argumenti,
430 2717 477 2733 nec
495 2709 520 2733 in
539 2709 730 2734 Commentario
749 2710 825 2734 citato
843 2710 869 2734 in
887 2711 1010 2743 margine.

311 2745 334 2777 ε)
353 2744 485 2776 impletur.
502 2757 522 2763 -—
540 2744 691 2775 implebitur
709 2745 739 2770 P.

309 2779 335 2812 ζ)
357 2779 417 2810 Qui.
435 2793 454 2798 -
473 2779 551 2810 Quod
569 2779 634 2804 PsC.

309 2815 337 2847 η)
351 2814 482 2846 proditio.
500 2828 519 2833 —
537 2814 589 2839 erit
602 2814 724 2845 proditio
743 2815 788 2839 Pa.

2352 233 2427 278 463

1429 306 1487 340 AD
1516 315 1652 342 Panium
1680 317 1777 342 ERGO
1814 318 1997 344 DICENDUM
2033 309 2137 356 quod
2174 321 2252 345 non
2284 318 2431 358 oportet

1349 358 1351 364 ’
1377 355 1472 392 filias
1492 357 1646 394 alicuius
1663 359 1807 406 peccati
1835 360 1999 408 capitalis
2019 362 2067 398 ad
2087 361 2188 398 idem
2208 374 2326 409 genus
2354 362 2431 398 vitii

1376 409 1578 456 pertinere:
1609 411 1696 458 quia
1725 411 1774 448 ad
1800 412 1919 449 finem
1946 414 2057 450 unius
2080 414 2159 451 vitii
2185 422 2344 463 possunt
2372 428 2429 451 or—

1378 462 1496 498 dinari
1525 463 1637 499 etiam
1664 473 1819 511 peccata
1848 466 1996 502 alterius
2032 467 2189 514 generis.
2227 468 2341 504 Aliud
2375 476 2430 504 est

1378 515 1478 550 enirn
1506 525 1705 562 peccatum
1725 517 1864 553 habere
1888 519 1995 565 filias,
2018 528 2053 555 et
2070 529 2270 568 peccatum
2288 521 2429 557 habere

1377 579 1533 615 speeies.

1429 622 1487 655 AD
1507 631 1695 657 SECUNDUM
1710 633 1892 659 mcENDUM
1912 624 2015 671 quod
2036 624 2096 661 illa
2111 625 2179 660 tria
2201 625 2429 673 distinguun—

1376 679 1435 708 tur
1463 671 1557 708 sicut
1585 673 1725 709 dictum
1755 682 1810 710 est
1827 674 1858 711 *.

1429 726 1486 761 An
1506 736 1663 762 TERTmM
1683 738 1865 763 mOENDUM
1885 729 1988 775 quod
2006 728 2067 764 illa
2084 741 2225 766 novem
2245 730 2428 767 reducun-

1376 784 1435 812 tur
1463 778 1511 813 ad
1530 778 1720 825 praedicta
1739 788 1896 827 septem.
1927 781 2029 817 Nam
2049 783 2283 819 mendacium
2304 791 2339 819 et
2345 784 2427 831 fal-

1374 841 1457 865 sum
1477 831 1723 867 testimonium
1744 832 1952 868 continetur
1971 831 1983 854 θ
2004 834 2073 870 sub
2080 835 2264 882 fallacia:
2293 836 2426 872 falsum

1377 882 1479 918 enim
1507 884 1765 920 testimonium
1790 893 1843 920 est
1863 886 2053 932 quaedam
2073 888 2302 934 specificatio
2322 901 2427 925 men—

1377 934 1494 978 dacii;
1524 936 1618 972 sicut
1646 945 1682 972 et
1700 938 1854 984 furtum
1893 946 1946 974 est
1979 940 2167 985 quaedam
2199 941 2427 988 specificatio

1348 986 1535 1035 {fraudis,
1569 989 1669 1025 unde
1705 990 1774 1025 sub
1798 991 1946 1037 fraude
1980 992 2201 1029 continetur.
2239 995 2429 1042 Appetitus

1348 1038 1350 1044 ’
1376 1048 1502 1076 autem
1523 1041 1639 1088 turpis
1658 1041 1754 1077 lucri
1770 1042 1929 1089 pertinet
1953 1044 1999 1079 ad
2019 1044 2316 1092 inquietudinem.
2350 1049 2427 1084 Ra-

1348 1093 1350 1134 Ῐ
1371 1093 1516 1141 pacitas
1548 1101 1675 1130 autem
1705 1096 1915 1131 continetur
1942 1097 2012 1131 sub
2039 1097 2234 1134 violentia:
2268 1111 2353 1135 curn
2383 1101 2430 1136 sit

1376 1147 1520 1194 species
1549 1147 1640 1183 eius.
1668 1148 1929 1184 Inhumanitas
1956 1156 2082 1184 autem
2112 1158 2168 1186 est
2194 1151 2295 1187 idem
2325 1153 2428 1200 quod

1376 1200 1571 1236 obduratio
1599 1206 1729 1236 contra
1757 1201 2062 1238 misericordiam.

1348 1301 1349 1304 J
1427 1255 1486 1288 AD
1505 1264 1677 1295 QUARTUM
1692 1264 1875 1290 DICENDUM
1895 1254 1999 1302 quod
2017 1254 2078 1290 illa
2097 1267 2194 1303 quae
2221 1256 2327 1303 ponit
2346 1258 2426 1293 Ari-

1348 1306 1349 1346 J
1375 1307 1526 1342 stoteles
1545 1314 1631 1342 sunt
1650 1305 1898 1342 illiberalitatis
1914 1308 1975 1343 vel
1994 1307 2172 1344 avaritiae
2191 1309 2335 1356 species
2350 1322 2429 1346 ma-

1347 1350 1349 1413 J
1375 1359 1430 1406 gis
1458 1371 1573 1406 quam
1602 1358 1712 1395 filiae.
1743 1360 1871 1396 Potest
1900 1360 1998 1396 enim
2019 1360 2152 1407 aliquis
2180 1361 2250 1397 dici
2269 1362 2428 1399 illibera-

1347 1417 1349 1443 ἐ
1375 1412 1419 1448 lis
1446 1413 1508 1448 vel
1536 1424 1673 1448 avarus
1694 1424 1738 1447 ex
1767 1424 1812 1447 eo
1842 1414 1946 1460 quod
1971 1413 2096 1450 deficit
2123 1414 2161 1450 in
2190 1414 2334 1451 dando:
2365 1421 2428 1452 et‘

1375 1465 1405 1501 si
1434 1464 1590 1512 quidem
1609 1477 1743 1512 parum
1775 1466 1848 1511 det,
1881 1473 2039 1502 vocatur
2053 1478 2214 1516 parcus,·
2243 1467 2273 1503 si
2300 1477 2427 1505 autem

1376 1517 1479 1563 nihil,
1501 1523 1635 1561 tenax‚·
1658 1517 1688 1554 si
1708 1526 1834 1554 autem
1855 1531 1942 1554 cum
1962 1531 2100 1566 magna
2116 1520 2332 1557 difficultate
2353 1523 2426 1567 det,

1347 1566 1349 1622 J
1374 1578 1533 1607 vocatur
1560 1570 1743 1616 kimibilis,
1772 1571 1878 1618 quasi
1906 1572 2037 1608 lcimini
2061 1573 2241 1618 venditor,
2264 1574 2350 1621 quia
2381 1575 2428 1610 de

1347 1623 1349 1680 J
1374 1623 1501 1671 parvis
1530 1635 1709 1670 magnam
1737 1623 1816 1660 vim
1846 1624 1942 1660 facit.
1972 1645 1996 1651 —
2025 1625 2266 1673 Quandoque
2300 1635 2427 1663 autem

1347 1677 1509 1725 ‘taliquis
1546 1676 1680 1713 dicitur
1715 1676 1902 1713 illiberalis
1935 1679 1997 1714 vel
2031 1689 2168 1714 avarus
2207 1680 2295 1726 quia
2324 1692 2429 1716 exce-

1347 1716 1349 1770 J
1376 1730 1428 1767 dit
1447 1730 1485 1766 in
1513 1729 1747 1778 accipiendo.
1777 1730 1825 1765 Et
1851 1730 1926 1766 hoc
1945 1730 2151 1778 dupliciter.
2181 1732 2267 1768 Uno
2297 1733 2427 1778 modo,

1346 1774 1349 1871 J
1374 1783 1463 1832 quia
1483 1783 1640 1831 turpiter
1661 1784 1840 1819 lucratur:
1869 1785 1931 1819 vel
1950 1783 2038 1819 vilia
2058 1792 2094 1820 et
2107 1790 2124 1805 χ
2143 1785 2292 1821 servilia
2312 1798 2429 1833 opera

1346 1879 1348 1895 1

2455 677 2466 687 ·
2479 676 2504 698 In
2519 682 2624 704 corpore.

2552 836 2565 862 θ

2553 1799 2567 1815 Ζ

1376 1836 1587 1874 exercendo
1607 1848 1675 1884 per
1693 1836 1889 1872 illiberales
1914 1837 2146 1884 operationes
2154 1851 2167 1882 ‚·
2191 1839 2253 1874 vel
2273 1839 2362 1885 quia
2382 1840 2428 1875 de

1374 1890 1561 1939 aliquibus
1578 1889 1723 1926 vitiosis
1743 1889 1886 1926 actibus
1905 1890 2068 1926 lucratur
2086 1888 2111 1932 λ,
2132 1891 2226 1927 sicut
2246 1891 2292 1928 de
2311 1904 2429 1928 mere-

1372 1944 1492 1988 tricio,
1511 1943 1574 1979 vel
1595 1943 1642 1978 de
1662 1942 1788 1990 aliquo
1808 1942 2047 1988 huiusmodi;
2078 1944 2138 1980 vel
2158 1944 2247 1991 quia
2265 1945 2429 1981 lucratur

1375 1996 1422 2033 de
1442 2008 1487 2033 eo
1512 1995 1615 2044 quod
1635 1996 1748 2043 gratis
1771 2003 1919 2044 oportet
1942 1998 2162 2042 concedere,
2184 1997 2279 2034 sicut
2298 2010 2428 2035 usura-

1374 2050 1424 2086 rii
1430 2063 1443 2094 ;
1470 2050 1531 2086 vel
1561 2048 1650 2097 quia
1675 2049 1838 2085 lucratur
1856 2054 1873 2077 μ
1891 2061 2016 2096 parva
2044 2061 2129 2086 cum
2158 2062 2298 2099 magno
2327 2052 2428 2089 labo-

1374 2102 1453 2140 re*.
1466 2124 1490 2130 -
1506 2101 1591 2138 Alio
1610 2103 1740 2147 modo,
1758 2102 1845 2150 quia
1864 2101 1998 2138 iniuste
2018 2103 2181 2139 lucratur
2195 2109 2224 2140 v:
2245 2105 2307 2140 vel
2326 2105 2425 2141 vivis

1373 2156 1452 2193 vim
1479 2155 1689 2201 inferendo,
1718 2155 1813 2191 sicut
1844 2154 2005 2192 latrones
2014 2169 2027 2200 ‚·
2053 2157 2115 2193 vel
2152 2162 2318 2193 mortuos
2344 2169 2427 2205 spo-

1373 2209 1520 2252 liando;
1541 2209 1609 2253 yel
1641 2209 1689 2244 ab
1717 2207 1848 2244 amicis
1876 2209 2094 2254 auferendo,
2116 2209 2210 2246 sicut
2231 2211 2426 2248 aleatores.

1425 2264 1484 2298 AD
1504 2273 1666 2304 QUtNTUM
1691 2273 1875 2298 DICENDUM
1898 2263 2000 2309 quod
2030 2263 2124 2298 sicut
2153 2263 2352 2300 liberalitas
2374 2273 2429 2301 est

1372 2315 1470 2351 circa
1489 2315 1701 2351 mediocres
1721 2315 1912 2362 pecunias,
1934 2315 1982 2351 ita
2003 2323 2038 2351 et
2057 2316 2292 2353 illiberalitas.
2317 2318 2426 2354 Unde

1370 2368 1530 2415 tyranni,
1551 2368 1615 2416 qui
1645 2380 1781 2415 magna
1809 2381 1877 2415 per
1895 2368 2115 2405 violentiam
2144 2370 2329 2416 auferunt,
2350 2383 2427 2408 non

1371 2421 1544 2458 dicuntur
1571 2421 1780 2466 illiberales,
1811 2422 1876 2458 sed
1904 2421 2039 2458 iniusti.

2551 2061 2569 2086 μ.

2454 2103 2474 2133 “.
2482 2102 2594 2133 aristot„
2619 2106 2662 2127 loc.

2454 2133 2493 2150 cit.
2501 2135 2524 2150 in
2532 2135 2579 2157 arg.
2590 2137 2612 2152 n.
2623 2139 2662 2158 4⁰·

2551 2165 2562 2182 ν

1425 2535 1449 2564 θ)
1468 2537 1628 2562 continetur.
1646 2550 1665 2555 -
1682 2537 1852 2561 continentur
1871 2536 2034 2562 PCGHKLa.

1428 2573 1445 2604 ι)
1464 2575 1498 2596 et.
1516 2586 1534 2591 -
1554 2575 1583 2596 ut
1600 2571 1819 2601 ABCDEFHILa,
1839 2572 1879 2596 vel
1897 2572 1934 2602 K;
1953 2580 2000 2604 pro
2019 2576 2137 2602 vocatur,
2157 2577 2266 2598 vocetur
2284 2575 2315 2598 ed
2334 2582 2358 2599 a.

1424 2607 1449 2639 κ)
1469 2610 1502 2632 et.
1520 2621 1538 2626 —
1557 2607 1596 2632 vel
1615 2607 1733 2638 BEHpC.

1423 2641 1452 2675 λ)
1471 2643 1601 2667 lucratur.
1618 2656 1638 2661 —
1655 2643 1794 2667 lucrantur
1811 2641 1974 2670 ABCEHKa,
1994 2643 2144 2667 lucraretur
2162 2643 2191 2667 F.

1425 2678 1452 2711 μ)
1472 2678 1601 2702 lucratur.
1610 2691 1629 2696 —
1642 2677 1782 2702 lucrantur
1795 2677 1958 2701 AEFI-IIKsC
1973 2682 1998 2701 et
2009 2685 2034 2701 a.
2048 2691 2066 2696 —
2081 2678 2131 2701 Pro
2144 2685 2230 2709 parva
2244 2686 2303 2703 cum
2318 2687 2424 2712 magno,

1367 2720 1456 2744 parva
1473 2720 1532 2737 cum
1552 2713 1635 2737 multo
1654 2712 1714 2741 Gla,
1734 2719 1833 2744 magna
1850 2719 1909 2736 cum
1925 2719 2012 2742 parvo
2031 2713 2062 2741 D.
2080 2720 2128 2737 sua
2146 2721 2205 2737 cum
2225 2714 2307 2738 multo
2326 2715 2357 2738 H.

1423 2747 1447 2779 ν)
1466 2748 1595 2772 lucratur.
1614 2761 1632 2766 -·
1650 2748 1790 2772 lucrantur
1808 2747 2016 2771 ABCDEFHKa.
2041 2761 2059 2766 -
2084 2748 2134 2772 Pro
2159 2748 2232 2777 vivis,
2259 2749 2345 2773 minus
2370 2750 2423 2779 ΒΚ,

1343 2725 1345 2741 J

1341 2792 1343 2820 J<
1370 2783 1449 2807 nimis
1467 2783 1518 2814 IpG
1538 2788 1563 2807 et
1580 2790 1605 2812 a,
1625 2782 1734 2806 nimiam
1753 2782 1784 2812 D,
1805 2781 1849 2806 ni's
1866 2783 1898 2812 H,
1918 2782 1944 2806 vi
1963 2782 1992 2806 L.

933 2876 1263 2909 Commentaria
1286 2877 1533 2910 Gardinalis
1556 2878 1754 2910 Caietam

287 2952 308 2972 N
332 2941 468 2972 articulis
492 2941 631 2981 reliquiS,
649 2941 764 2971 scilicet
780 2949 878 2977 sexto,
895 2942 1031 2981 septimo
1048 2949 1077 2972 et
1094 2949 1216 2978 octavo,
1234 2943 1315 2972 eius·
1339 2942 1341 2981 3

262 2954 362 3016 Idem
385 2985 595 3026 quaestionis,
621 2986 688 3015 sola
712 2985 877 3025 responsio
902 2986 941 3015 ad
964 2993 1113 3026 quartum
1140 2986 1244 3016 ultimi
1268 2997 1314 3016 ar-
1339 2984 1341 3042 J

257 3029 344 3060 ticuli
363 3030 522 3060 tractanda
542 3029 687 3065 occurrit,
705 3030 812 3069 quoad
831 3036 979 3069 quatuor.
1003 3029 1120 3066 Primo,
1138 3030 1226 3070 quod
1242 3040 1313 3060 ava·
1339 3043 1341 3060 ι

257 3073 327 3104 ritia
349 3074 463 3104 habere
486 3073 600 3103 dicitur
623 3073 750 3112 species.
780 3073 820 3103 Et
842 3074 903 3103 hoc
931 3083 996 3103 non
1024 3073 1067 3103 sic
1095 3074 1314 3114 accipiendum
1339 3061 1341 3116 J

256 3117 381 3148 videtur
397 3125 431 3148 ut
446 3117 569 3156 singula
584 3124 765 3147 enumerata
784 3117 817 3147 in
833 3117 933 3148 littera
950 3117 1011 3147 sint
1029 3118 1222 3148 diversarum
1244 3128 1313 3158 spe·
1339 3117 1341 3154 J

258 3161 390 3197 cierum,
415 3171 490 3191 nam
514 3161 598 3201 parci
622 3168 652 3191 et
674 3167 797 3191 tenaces
828 3161 970 3191 eiusdem
992 3162 1138 3192 videntur
1168 3162 1312 3197 rationis,
1339 3159 1340 3198 J

258 3205 433 3236 differentes
457 3205 632 3236 secundum
656 3205 755 3245 magis
779 3212 809 3235 et
832 3205 953 3235 minus:
982 3206 1036 3235 sed
1060 3206 1133 3246 quia
1157 3206 1313 3246 quaedam

257 3255 369 3279 eorum
393 3249 540 3279 differunt
562 3249 674 3288 specie,
700 3255 735 3278 ut
758 3249 918 3285 aleatores,
942 3249 1088 3285 latrones,
1119 3250 1259 3285 lenones,
1284 3257 1314 3280 et
1339 3274 1340 3287 J

256 3293 452 3323 huiusmodi.
478 3294 608 3332 Propter
632 3293 721 3333 quod
744 3292 777 3322 in
800 3293 901 3323 littera
916 3303 982 3323 non
1002 3293 1185 3333 simpliciter
1201 3293 1315 3323 dicitur
1338 3303 1340 3316 ;

257 3338 345 3376 quod
374 3345 449 3368 sunt
476 3337 608 3377 species,
633 3337 687 3367 sed
715 3337 803 3376 quod
836 3338 942 3377 magis
966 3343 1041 3368 sunt
1069 3338 1188 3377 species
1217 3347 1311 3377 quam
1338 3358 1339 3364 η

246 3381 363 3421 filiae:
392 3381 468 3421 quia
491 3381 590 3420 magis
613 3381 767 3411 accedunt
791 3381 830 3410 ad
854 3388 998 3411 naturam
1022 3381 1212 3420 specierum,
1238 3381 1314 3411 reci·
1338 3387 1340 3413 ζ

256 3424 373 3464 piendo
397 3425 662 3464 praedicationem
686 3425 829 3454 avaritiae
845 3431 881 3454 ut
904 3425 1082 3464 superioris.
1107 3425 1147 3455 Et
1162 3435 1256 3464 super
1271 3425 1312 3455 IV

255 3468 358 3499 Ethic.
375 3468 406 3504 *‚
430 3471 552 3499 Auctor
575 3469 673 3498 modo
702 3468 777 3498 haec
809 3468 952 3500 nominat
976 3469 1107 3509 species,
1133 3469 1231 3498 modo
1256 3479 1312 3499 no·
1338 3489 1339 3511 3

257 3511 356 3542 minat
379 3513 488 3543 modos
510 3512 734 3543 illiberalitatis.

1422 2944 1578 2979 Secundo,
1604 2944 1692 2983 quod
1715 2943 1815 2974 littera
1837 2944 1960 2974 videtur
1988 2951 2135 2984 corrupta
2158 2955 2231 2975 cum
2255 2945 2342 2976 dicit:
2374 2947 2425 2976 vel

1366 2989 1441 3027 quia
1466 2988 1614 3017 lucratur
1637 2988 1737 3017 multa
1762 2997 1831 3018 cum
1850 2997 1955 3027 parvo
1974 2988 2082 3018 labore
2097 2988 2122 3019 ¹¹².
2148 2989 2308 3026 Quoniam
2328 2999 2364 3019 ex
2380 2990 2422 3020 IV
2449 2993 2458 3001 ¹
2472 2992 2509 3014 Cf·
2523 2996 2571 3013 ¹¹⁰1-
2588 3000 2612 3021 u«

1367 3031 1468 3061 Ethic.
1486 3031 1512 3067 *‚
1538 3031 1621 3060 unde
1645 3031 1720 3061 haec
1743 3031 1850 3061 recitat
1873 3034 2003 3067 Auctor,
2020 3042 2085 3061 non
2101 3032 2233 3063 habetur
2255 3033 2330 3063 haec
2354 3043 2422 3073 spe·
2448 3040 2543 3088 ’Cast-1

1367 3075 1438 3111 cies,
1456 3075 1510 3104 sed
1527 3074 1684 3114 opposita,
1698 3075 1827 3106 scilicet:
1853 3077 1926 3115 quia
1943 3077 2091 3106 lucratur
2096 3086 2236 3116 parvum
2254 3087 2295 3107 ex
2311 3078 2420 3108 multo.
2447 3066 2471 3088 S'
2525 3082 2530 3087 '
2546 3057 2552 3088 ἰ

1366 3119 1417 3148 Ad
1441 3118 1601 3148 avaritiam
1631 3118 1787 3159 siquidem
1810 3127 1929 3158 spectat
1950 3120 2040 3150 valde
2071 3121 2210 3151 laborare
2241 3131 2298 3160 pro
2323 3131 2420 3161 parvo

1365 3156 1657 3202 lucrm-quoniam
1680 3163 1786 3193 minus
1809 3164 1896 3194 decet
1927 3163 1997 3200 hoc,
2015 3171 2045 3194 et
2069 3164 2199 3194 nimiam
2231 3165 2309 3194 lucri
2332 3165 2419 3205 cupi-

1367 3207 1495 3237 ditatem
1512 3207 1658 3237 ostendit.
1677 3207 1768 3237 Unde
1783 3207 1883 3237 littera
1906 3207 2087 3246 corrigenda
2101 3208 2223 3239 videtur
2241 3209 2280 3238 ad
2301 3215 2420 3239 textum
2440 3243 2443 3245 ,

1368 3251 1409 3281 IV
1424 3251 1538 3286 Ethic.‚
1556 3258 1586 3280 et
1609 3251 1684 3290 legi:
1710 3252 1783 3291 quia
1803 3252 1949 3281 lucratur
1958 3261 2078 3291 parum
2099 3262 2169 3282 eum
2186 3253 2285 3283 multo
2301 3253 2417 3283 labore.

1366 3295 1422 3324 Est
1445 3294 1530 3324 enim
1553 3295 1603 3324 hic
1627 3305 1709 3324 unus
1732 3295 1876 3325 avaritiae
1900 3296 2025 3325 modus.

1420 3338 1546 3374 Tertio,
1572 3339 1660 3378 quod
1684 3339 1822 3378 primum
1853 3339 2033 3369 membrum
2061 3339 2160 3379 turpis
2182 3339 2276 3375 lucri,
2294 3340 2418 3375 scilicet,

1367 3382 1441 3412 vilia
1459 3387 1489 3411 et
1501 3383 1631 3412 servilia
1648 3392 1744 3422 opera
1761 3383 1937 3413 exercendo
1947 3393 2010 3422 per
2022 3383 2192 3413 illiberales
2208 3385 2418 3423 operationes,

1365 3425 1437 3455 licet
1460 3435 1525 3455 non
1549 3426 1660 3456 habeat
1686 3427 1866 3466 exemplum
1895 3426 1927 3456 in
1951 3426 2065 3462 littera,
2090 3437 2155 3456 uon
2180 3435 2343 3467 propterea
2374 3434 2420 3457 est

1366 3470 1554 3499 obscurum:
1580 3469 1652 3510 quia
1676 3470 1707 3499 in
1732 3477 1881 3510 promptu
1907 3471 2047 3510 exempla
2072 3477 2144 3500 sunt
2163 3480 2329 3501 avarorum
2353 3471 2418 3510 qui,

2564 3047 2586 3062 n.
2597 3047 2636 3067 4⁰·
2647 3052 2657 3056 -

2554 3071 2598 3089 eet.
2608 3074 2628 3088 v.

2498 3418 2513 3433 ff

1337 3514 1340 3543 ὲ
1366 3513 1448 3543 cives
1473 3514 1582 3543 divites
1606 3524 1679 3543 cum
1704 3513 1773 3549 sint,
1803 3524 1867 3544 non
1891 3521 2036 3544 verentur
2061 3514 2175 3544 vilibus
2199 3522 2228 3545 et
2256 3515 2417 3545 servilibus
