<?xml version="1.0" encoding="UTF-8"?>
<!DOCTYPE html PUBLIC "-//W3C//DTD XHTML 1.0 Transitional//EN"
    "http://www.w3.org/TR/xhtml1/DTD/xhtml1-transitional.dtd">
<html xmlns="http://www.w3.org/1999/xhtml" xml:lang="en" lang="en">
 <head>
  <title>
</title>
<meta http-equiv="Content-Type" content="text/html;charset=utf-8" />
  <meta name='ocr-system' content='tesseract 3.04.00' />
  <meta name='ocr-capabilities' content='ocr_page ocr_carea ocr_par ocr_line ocrx_word'/>
</head>
<body>
  <div class='ocr_page' id='page_1' title='image "./operaomniaiussui09thom/operaomniaiussui09thom_0010.png"; bbox 0 0 2670 4186; ppageno 0'>
   <div class='ocr_carea' id='block_1_1' title="bbox 271 236 306 261">
    <p class='ocr_par' dir='ltr' id='par_1_1' title="bbox 271 236 306 261">
     <span class='ocr_line' id='line_1_1' title="bbox 271 236 306 261; baseline 0.029 -1"><span class='ocrx_word' id='word_1_1' title='bbox 271 236 306 261; x_wconf 91' lang='lat' dir='ltr'>Vl</span> 
     </span>
    </p>
   </div>
   <div class='ocr_carea' id='block_1_2' title="bbox 408 355 628 385">
    <p class='ocr_par' dir='ltr' id='par_1_2' title="bbox 408 355 628 385">
     <span class='ocr_line' id='line_1_2' title="bbox 408 355 628 385; baseline 0 -1"><span class='ocrx_word' id='word_1_2' title='bbox 408 357 524 385; x_wconf 71' lang='lat' dir='ltr'>Lacrio</span> <span class='ocrx_word' id='word_1_3' title='bbox 549 355 628 385; x_wconf 91' lang='lat' dir='ltr'>ABF</span> 
     </span>
    </p>
   </div>
   <div class='ocr_carea' id='block_1_3' title="bbox 258 486 770 3571">
    <p class='ocr_par' dir='ltr' id='par_1_3' title="bbox 258 486 770 3571">
     <span class='ocr_line' id='line_1_3' title="bbox 326 486 770 526; baseline 0 -11"><span class='ocrx_word' id='word_1_4' title='bbox 326 496 483 516; x_wconf 69' lang='lat' dir='ltr'>asponnao</span> <span class='ocrx_word' id='word_1_5' title='bbox 506 496 662 515; x_wconf 66' lang='lat' dir='ltr'>mcannum</span> <span class='ocrx_word' id='word_1_6' title='bbox 682 486 770 526; x_wconf 90' lang='lat' dir='ltr'>quod</span> 
     </span>
     <span class='ocr_line' id='line_1_4' title="bbox 269 499 769 568; baseline 0 -9"><span class='ocrx_word' id='word_1_7' title='bbox 269 499 464 560; x_wconf 84' lang='lat' dir='ltr'>Rdecimae</span> <span class='ocrx_word' id='word_1_8' title='bbox 504 529 536 559; x_wconf 93' lang='lat' dir='ltr'>in</span> <span class='ocrx_word' id='word_1_9' title='bbox 572 530 666 559; x_wconf 91' lang='lat' dir='ltr'>veteri</span> <span class='ocrx_word' id='word_1_10' title='bbox 702 530 769 568; x_wconf 88' lang='lat' dir='ltr'>lege</span> 
     </span>
     <span class='ocr_line' id='line_1_5' title="bbox 265 573 768 603; baseline -0.002 -1"><span class='ocrx_word' id='word_1_11' title='bbox 265 574 419 603; x_wconf 79' lang='lat' dir='ltr'>dabantur</span> <span class='ocrx_word' id='word_1_12' title='bbox 442 573 480 602; x_wconf 88' lang='lat' dir='ltr'>ad</span> <span class='ocrx_word' id='word_1_13' title='bbox 509 573 768 603; x_wconf 83' lang='lat' dir='ltr'>sustentationem</span> 
     </span>
     <span class='ocr_line' id='line_1_6' title="bbox 265 616 768 647; baseline -0.002 -1"><span class='ocrx_word' id='word_1_14' title='bbox 265 617 484 647; x_wconf 88' lang='lat' dir='ltr'>ministrorum</span> <span class='ocrx_word' id='word_1_15' title='bbox 507 617 582 646; x_wconf 88' lang='lat' dir='ltr'>Dei:</span> <span class='ocrx_word' id='word_1_16' title='bbox 614 617 698 646; x_wconf 91' lang='lat' dir='ltr'>unde</span> <span class='ocrx_word' id='word_1_17' title='bbox 723 616 768 645; x_wconf 90' lang='lat' dir='ltr'>di-</span> 
     </span>
     <span class='ocr_line' id='line_1_7' title="bbox 264 660 769 700; baseline -0.002 -10"><span class='ocrx_word' id='word_1_18' title='bbox 264 661 343 690; x_wconf 93' lang='lat' dir='ltr'>citur</span> <span class='ocrx_word' id='word_1_19' title='bbox 377 661 510 690; x_wconf 87' lang='lat' dir='ltr'>Malach.</span> <span class='ocrx_word' id='word_1_20' title='bbox 549 669 599 689; x_wconf 81' lang='lat'>111:</span> <span class='ocrx_word' id='word_1_21' title='bbox 632 660 769 700; x_wconf 87' lang='lat' dir='ltr'>1Inferte</span> 
     </span>
     <span class='ocr_line' id='line_1_8' title="bbox 264 704 768 734; baseline -0.002 0"><span class='ocrx_word' id='word_1_22' title='bbox 264 714 394 734; x_wconf 92' lang='lat' dir='ltr'>omnem</span> <span class='ocrx_word' id='word_1_23' title='bbox 403 704 645 733; x_wconf 87' lang='lat' dir='ltr'>decimationem</span> <span class='ocrx_word' id='word_1_24' title='bbox 656 704 686 733; x_wconf 91' lang='lat' dir='ltr'>in</span> <span class='ocrx_word' id='word_1_25' title='bbox 697 704 768 734; x_wconf 89' lang='lat' dir='ltr'>hor-</span> 
     </span>
     <span class='ocr_line' id='line_1_9' title="bbox 263 747 767 783; baseline -0.002 -5"><span class='ocrx_word' id='word_1_26' title='bbox 263 758 353 778; x_wconf 87' lang='lat' dir='ltr'>reum</span> <span class='ocrx_word' id='word_1_27' title='bbox 377 758 496 783; x_wconf 83' lang='lat' dir='ltr'>meum,</span> <span class='ocrx_word' id='word_1_28' title='bbox 522 754 557 777; x_wconf 88' lang='lat' dir='ltr'>ut</span> <span class='ocrx_word' id='word_1_29' title='bbox 573 747 611 777; x_wconf 91' lang='lat' dir='ltr'>sit</span> <span class='ocrx_word' id='word_1_30' title='bbox 632 747 720 778; x_wconf 89' lang='lat' dir='ltr'>cibus</span> <span class='ocrx_word' id='word_1_31' title='bbox 736 748 767 777; x_wconf 92' lang='lat' dir='ltr'>in</span> 
     </span>
     <span class='ocr_line' id='line_1_10' title="bbox 263 792 768 831; baseline 0 -9"><span class='ocrx_word' id='word_1_32' title='bbox 263 793 362 822; x_wconf 89' lang='lat' dir='ltr'>domo</span> <span class='ocrx_word' id='word_1_33' title='bbox 398 802 476 821; x_wconf 88' lang='lat' dir='ltr'>mea.</span> <span class='ocrx_word' id='word_1_34' title='bbox 515 792 606 822; x_wconf 88' lang='lat' dir='ltr'>Unde</span> <span class='ocrx_word' id='word_1_35' title='bbox 645 802 768 831; x_wconf 89' lang='lat' dir='ltr'>praece-</span> 
     </span>
     <span class='ocr_line' id='line_1_11' title="bbox 262 836 767 876; baseline 0 -10"><span class='ocrx_word' id='word_1_36' title='bbox 262 843 354 876; x_wconf 92' lang='lat' dir='ltr'>ptum</span> <span class='ocrx_word' id='word_1_37' title='bbox 379 836 416 865; x_wconf 94' lang='lat' dir='ltr'>de</span> <span class='ocrx_word' id='word_1_38' title='bbox 441 836 601 866; x_wconf 90' lang='lat' dir='ltr'>solutione</span> <span class='ocrx_word' id='word_1_39' title='bbox 632 836 767 866; x_wconf 88' lang='lat' dir='ltr'>decima-</span> 
     </span>
     <span class='ocr_line' id='line_1_12' title="bbox 262 879 768 920; baseline 0.002 -11"><span class='ocrx_word' id='word_1_40' title='bbox 262 890 334 909; x_wconf 91' lang='lat' dir='ltr'>rum</span> <span class='ocrx_word' id='word_1_41' title='bbox 347 879 462 919; x_wconf 87' lang='lat' dir='ltr'>partim</span> <span class='ocrx_word' id='word_1_42' title='bbox 475 880 605 920; x_wconf 89' lang='lat' dir='ltr'>quidem</span> <span class='ocrx_word' id='word_1_43' title='bbox 623 887 687 911; x_wconf 91' lang='lat' dir='ltr'>erat</span> <span class='ocrx_word' id='word_1_44' title='bbox 700 890 768 910; x_wconf 92' lang='lat' dir='ltr'>mo—</span> 
     </span>
     <span class='ocr_line' id='line_1_13' title="bbox 261 924 767 959; baseline 0.002 -6"><span class='ocrx_word' id='word_1_45' title='bbox 261 924 341 959; x_wconf 87' lang='lat' dir='ltr'>rale,</span> <span class='ocrx_word' id='word_1_46' title='bbox 366 924 503 954; x_wconf 88' lang='lat' dir='ltr'>inditum</span> <span class='ocrx_word' id='word_1_47' title='bbox 536 926 694 954; x_wconf 87' lang='lat' dir='ltr'>²naturali</span> <span class='ocrx_word' id='word_1_48' title='bbox 715 934 767 954; x_wconf 92' lang='lat' dir='ltr'>ra-</span> 
     </span>
     <span class='ocr_line' id='line_1_14' title="bbox 261 969 768 1007; baseline 0 -9"><span class='ocrx_word' id='word_1_49' title='bbox 261 969 363 998; x_wconf 85' lang='lat' dir='ltr'>tioni:</span> <span class='ocrx_word' id='word_1_50' title='bbox 390 969 512 1007; x_wconf 84' lang='lat' dir='ltr'>partim</span> <span class='ocrx_word' id='word_1_51' title='bbox 556 973 661 998; x_wconf 87' lang='lat' dir='ltr'>autem</span> <span class='ocrx_word' id='word_1_52' title='bbox 698 974 768 998; x_wconf 84' lang='lat' dir='ltr'>erat</span> 
     </span>
     <span class='ocr_line' id='line_1_15' title="bbox 261 1012 767 1049; baseline 0 -7"><span class='ocrx_word' id='word_1_53' title='bbox 261 1012 422 1049; x_wconf 86' lang='lat' dir='ltr'>iudiciale,</span> <span class='ocrx_word' id='word_1_54' title='bbox 448 1022 484 1042; x_wconf 84' lang='lat' dir='ltr'>ex</span> <span class='ocrx_word' id='word_1_55' title='bbox 509 1012 614 1042; x_wconf 90' lang='lat' dir='ltr'>divina</span> <span class='ocrx_word' id='word_1_56' title='bbox 643 1012 767 1042; x_wconf 90' lang='lat' dir='ltr'>institu-</span> 
     </span>
     <span class='ocr_line' id='line_1_16' title="bbox 260 1056 767 1093; baseline 0 -7"><span class='ocrx_word' id='word_1_57' title='bbox 260 1056 347 1086; x_wconf 88' lang='lat' dir='ltr'>tione</span> <span class='ocrx_word' id='word_1_58' title='bbox 379 1057 475 1086; x_wconf 92' lang='lat' dir='ltr'>robur</span> <span class='ocrx_word' id='word_1_59' title='bbox 509 1056 638 1086; x_wconf 85' lang='lat' dir='ltr'>habens.</span> <span class='ocrx_word' id='word_1_60' title='bbox 670 1057 767 1093; x_wconf 92' lang='lat' dir='ltr'>Quod</span> 
     </span>
     <span class='ocr_line' id='line_1_17' title="bbox 261 1099 767 1140; baseline 0 -10"><span class='ocrx_word' id='word_1_61' title='bbox 261 1100 346 1130; x_wconf 90' lang='lat' dir='ltr'>enim</span> <span class='ocrx_word' id='word_1_62' title='bbox 374 1099 421 1130; x_wconf 84' lang='lat' dir='ltr'>his</span> <span class='ocrx_word' id='word_1_63' title='bbox 453 1100 507 1140; x_wconf 90' lang='lat' dir='ltr'>qui</span> <span class='ocrx_word' id='word_1_64' title='bbox 537 1100 644 1130; x_wconf 89' lang='lat' dir='ltr'>divino</span> <span class='ocrx_word' id='word_1_65' title='bbox 669 1100 767 1131; x_wconf 91' lang='lat' dir='ltr'>cultui</span> 
     </span>
     <span class='ocr_line' id='line_1_18' title="bbox 261 1144 767 1184; baseline 0 -10"><span class='ocrx_word' id='word_1_66' title='bbox 261 1144 480 1174; x_wconf 84' lang='lat' dir='ltr'>ministrabant</span> <span class='ocrx_word' id='word_1_67' title='bbox 503 1144 542 1173; x_wconf 90' lang='lat' dir='ltr'>ad</span> <span class='ocrx_word' id='word_1_68' title='bbox 557 1144 693 1174; x_wconf 85' lang='lat' dir='ltr'>salutem</span> <span class='ocrx_word' id='word_1_69' title='bbox 710 1155 767 1184; x_wconf 46' lang='lat' dir='ltr'>po*</span> 
     </span>
     <span class='ocr_line' id='line_1_19' title="bbox 260 1187 766 1228; baseline 0 -10"><span class='ocrx_word' id='word_1_70' title='bbox 260 1189 329 1228; x_wconf 91' lang='lat' dir='ltr'>puli</span> <span class='ocrx_word' id='word_1_71' title='bbox 352 1188 463 1224; x_wconf 89' lang='lat' dir='ltr'>totius,</span> <span class='ocrx_word' id='word_1_72' title='bbox 489 1187 638 1228; x_wconf 78' lang='lat' dir='ltr'>³populus</span> <span class='ocrx_word' id='word_1_73' title='bbox 661 1199 766 1219; x_wconf 87' lang='lat' dir='ltr'>neces-</span> 
     </span>
     <span class='ocr_line' id='line_1_20' title="bbox 261 1232 765 1267; baseline 0 -5"><span class='ocrx_word' id='word_1_74' title='bbox 261 1233 339 1262; x_wconf 86' lang='lat' dir='ltr'>saria</span> <span class='ocrx_word' id='word_1_75' title='bbox 355 1234 471 1263; x_wconf 80' lang='lat' dir='ltr'>4victus</span> <span class='ocrx_word' id='word_1_76' title='bbox 483 1232 681 1267; x_wconf 81' lang='lat' dir='ltr'>ministraret,</span> <span class='ocrx_word' id='word_1_77' title='bbox 699 1232 765 1262; x_wconf 87' lang='lat' dir='ltr'>⁵ra-</span> 
     </span>
     <span class='ocr_line' id='line_1_21' title="bbox 262 1276 767 1307; baseline 0 -1"><span class='ocrx_word' id='word_1_78' title='bbox 262 1278 305 1307; x_wconf 89' lang='lat' dir='ltr'>tio</span> <span class='ocrx_word' id='word_1_79' title='bbox 329 1277 490 1306; x_wconf 84' lang='lat' dir='ltr'>naturalis</span> <span class='ocrx_word' id='word_1_80' title='bbox 509 1276 618 1307; x_wconf 86' lang='lat' dir='ltr'>dictat:</span> <span class='ocrx_word' id='word_1_81' title='bbox 640 1276 721 1307; x_wconf 90' lang='lat' dir='ltr'>sicut</span> <span class='ocrx_word' id='word_1_82' title='bbox 737 1283 767 1307; x_wconf 92' lang='lat' dir='ltr'>et</span> 
     </span>
     <span class='ocr_line' id='line_1_22' title="bbox 261 1320 766 1360; baseline 0 -10"><span class='ocrx_word' id='word_1_83' title='bbox 261 1321 308 1351; x_wconf 90' lang='lat' dir='ltr'>his</span> <span class='ocrx_word' id='word_1_84' title='bbox 346 1321 402 1360; x_wconf 94' lang='lat' dir='ltr'>qui</span> <span class='ocrx_word' id='word_1_85' title='bbox 437 1320 601 1351; x_wconf 88' lang='lat' dir='ltr'>communi</span> <span class='ocrx_word' id='word_1_86' title='bbox 640 1321 766 1351; x_wconf 81' lang='lat' dir='ltr'>utilitati</span> 
     </span>
     <span class='ocr_line' id='line_1_23' title="bbox 259 1364 765 1404; baseline -0.002 -10"><span class='ocrx_word' id='word_1_87' title='bbox 259 1364 433 1403; x_wconf 87' lang='lat' dir='ltr'>invigilant,</span> <span class='ocrx_word' id='word_1_88' title='bbox 447 1365 563 1395; x_wconf 89' lang='lat' dir='ltr'>scilicet</span> <span class='ocrx_word' id='word_1_89' title='bbox 571 1364 765 1404; x_wconf 89' lang='lat' dir='ltr'>principibus</span> 
     </span>
     <span class='ocr_line' id='line_1_24' title="bbox 260 1408 765 1438; baseline -0.002 0"><span class='ocrx_word' id='word_1_90' title='bbox 260 1415 290 1438; x_wconf 94' lang='lat' dir='ltr'>et</span> <span class='ocrx_word' id='word_1_91' title='bbox 314 1408 465 1438; x_wconf 86' lang='lat' dir='ltr'>militibus</span> <span class='ocrx_word' id='word_1_92' title='bbox 496 1415 526 1438; x_wconf 91' lang='lat' dir='ltr'>et</span> <span class='ocrx_word' id='word_1_93' title='bbox 556 1408 622 1438; x_wconf 90' lang='lat' dir='ltr'>aliis</span> <span class='ocrx_word' id='word_1_94' title='bbox 654 1408 765 1438; x_wconf 91' lang='lat' dir='ltr'>huius-</span> 
     </span>
     <span class='ocr_line' id='line_1_25' title="bbox 259 1451 764 1492; baseline 0 -10"><span class='ocrx_word' id='word_1_95' title='bbox 259 1452 358 1488; x_wconf 87' lang='lat' dir='ltr'>modi,</span> <span class='ocrx_word' id='word_1_96' title='bbox 383 1452 538 1492; x_wconf 84' lang='lat' dir='ltr'>stipendia</span> <span class='ocrx_word' id='word_1_97' title='bbox 566 1451 683 1482; x_wconf 83' lang='lat' dir='ltr'>⁶victus</span> <span class='ocrx_word' id='word_1_98' title='bbox 713 1452 764 1481; x_wconf 91' lang='lat' dir='ltr'>de-</span> 
     </span>
     <span class='ocr_line' id='line_1_26' title="bbox 259 1497 766 1536; baseline 0 -10"><span class='ocrx_word' id='word_1_99' title='bbox 259 1497 372 1526; x_wconf 90' lang='lat' dir='ltr'>bentur</span> <span class='ocrx_word' id='word_1_100' title='bbox 395 1502 429 1526; x_wconf 87' lang='lat' dir='ltr'>7a</span> <span class='ocrx_word' id='word_1_101' title='bbox 448 1497 578 1536; x_wconf 81' lang='lat' dir='ltr'>populo.</span> <span class='ocrx_word' id='word_1_102' title='bbox 612 1497 704 1526; x_wconf 90' lang='lat' dir='ltr'>Unde</span> <span class='ocrx_word' id='word_1_103' title='bbox 735 1503 766 1526; x_wconf 89' lang='lat' dir='ltr'>et</span> 
     </span>
     <span class='ocr_line' id='line_1_27' title="bbox 258 1539 765 1580; baseline -0.002 -10"><span class='ocrx_word' id='word_1_104' title='bbox 258 1540 436 1580; x_wconf 86' lang='lat' dir='ltr'>Apostolus</span> <span class='ocrx_word' id='word_1_105' title='bbox 459 1539 532 1571; x_wconf 83' lang='lat' dir='ltr'>8hoc</span> <span class='ocrx_word' id='word_1_106' title='bbox 554 1541 678 1580; x_wconf 90' lang='lat' dir='ltr'>probat,</span> <span class='ocrx_word' id='word_1_107' title='bbox 697 1540 708 1569; x_wconf 96' lang='lat' dir='ltr'>I</span> <span class='ocrx_word' id='word_1_108' title='bbox 726 1540 765 1570; x_wconf 89' lang='lat' dir='ltr'>ad</span> 
     </span>
     <span class='ocr_line' id='line_1_28' title="bbox 260 1584 764 1624; baseline -0.004 -9"><span class='ocrx_word' id='word_1_109' title='bbox 260 1584 335 1615; x_wconf 91' lang='lat' dir='ltr'>Cor.</span> <span class='ocrx_word' id='word_1_110' title='bbox 361 1595 399 1620; x_wconf 81' lang='lat' dir='ltr'>ix,</span> <span class='ocrx_word' id='word_1_111' title='bbox 418 1594 473 1624; x_wconf 91' lang='lat' dir='ltr'>per</span> <span class='ocrx_word' id='word_1_112' title='bbox 495 1585 671 1615; x_wconf 69' lang='lat' dir='ltr'>ahumanas</span> <span class='ocrx_word' id='word_1_113' title='bbox 691 1594 764 1614; x_wconf 91' lang='lat' dir='ltr'>con-</span> 
     </span>
     <span class='ocr_line' id='line_1_29' title="bbox 259 1628 766 1665; baseline 0 -7"><span class='ocrx_word' id='word_1_114' title='bbox 259 1629 455 1664; x_wconf 83' lang='lat' dir='ltr'>suetudines,</span> <span class='ocrx_word' id='word_1_115' title='bbox 491 1629 612 1659; x_wconf 89' lang='lat' dir='ltr'>dicens:</span> <span class='ocrx_word' id='word_1_116' title='bbox 654 1628 766 1665; x_wconf 84' lang='lat' dir='ltr'>¹⁰Quis</span> 
     </span>
     <span class='ocr_line' id='line_1_30' title="bbox 259 1673 766 1713; baseline 0 -11"><span class='ocrx_word' id='word_1_117' title='bbox 259 1673 373 1704; x_wconf 85' lang='lat' dir='ltr'>militat</span> <span class='ocrx_word' id='word_1_118' title='bbox 396 1673 460 1703; x_wconf 90' lang='lat' dir='ltr'>suis</span> <span class='ocrx_word' id='word_1_119' title='bbox 489 1673 680 1713; x_wconf 57' lang='lat' dir='ltr'>¹¹,stipendiis</span> <span class='ocrx_word' id='word_1_120' title='bbox 708 1683 766 1703; x_wconf 92' lang='lat' dir='ltr'>un-</span> 
     </span>
     <span class='ocr_line' id='line_1_31' title="bbox 259 1715 765 1757; baseline -0.002 -10"><span class='ocrx_word' id='word_1_121' title='bbox 259 1715 376 1757; x_wconf 86' lang='lat' dir='ltr'>quam?</span> <span class='ocrx_word' id='word_1_122' title='bbox 400 1716 480 1754; x_wconf 90' lang='lat' dir='ltr'>Quis</span> <span class='ocrx_word' id='word_1_123' title='bbox 500 1718 620 1757; x_wconf 87' lang='lat' dir='ltr'>plantat</span> <span class='ocrx_word' id='word_1_124' title='bbox 639 1717 765 1747; x_wconf 89' lang='lat' dir='ltr'>vineam</span> 
     </span>
     <span class='ocr_line' id='line_1_32' title="bbox 259 1758 766 1792; baseline 0 -1"><span class='ocrx_word' id='word_1_125' title='bbox 259 1769 289 1791; x_wconf 89' lang='lat' dir='ltr'>et</span> <span class='ocrx_word' id='word_1_126' title='bbox 305 1762 342 1791; x_wconf 91' lang='lat' dir='ltr'>de</span> <span class='ocrx_word' id='word_1_127' title='bbox 356 1761 507 1791; x_wconf 89' lang='lat' dir='ltr'>fructibus</span> <span class='ocrx_word' id='word_1_128' title='bbox 521 1762 587 1792; x_wconf 87' lang='lat' dir='ltr'>eius</span> <span class='ocrx_word' id='word_1_129' title='bbox 603 1771 669 1791; x_wconf 90' lang='lat' dir='ltr'>non</span> <span class='ocrx_word' id='word_1_130' title='bbox 683 1758 766 1791; x_wconf 85' lang='lat' dir='ltr'>edit?</span> 
     </span>
     <span class='ocr_line' id='line_1_33' title="bbox 259 1805 766 1845; baseline 0 -10"><span class='ocrx_word' id='word_1_131' title='bbox 259 1805 320 1835; x_wconf 91' lang='lat' dir='ltr'>Sed</span> <span class='ocrx_word' id='word_1_132' title='bbox 330 1806 579 1836; x_wconf 80' lang='lat' dir='ltr'>¹²determinatio</span> <span class='ocrx_word' id='word_1_133' title='bbox 590 1813 690 1836; x_wconf 90' lang='lat' dir='ltr'>certae</span> <span class='ocrx_word' id='word_1_134' title='bbox 697 1815 766 1845; x_wconf 86' lang='lat' dir='ltr'>par-</span> 
     </span>
     <span class='ocr_line' id='line_1_34' title="bbox 259 1849 765 1880; baseline 0 -1"><span class='ocrx_word' id='word_1_135' title='bbox 259 1849 297 1879; x_wconf 91' lang='lat' dir='ltr'>tis</span> <span class='ocrx_word' id='word_1_136' title='bbox 322 1850 513 1880; x_wconf 82' lang='lat' dir='ltr'>exhibendae</span> <span class='ocrx_word' id='word_1_137' title='bbox 544 1850 694 1880; x_wconf 81' lang='lat' dir='ltr'>ministris</span> <span class='ocrx_word' id='word_1_138' title='bbox 719 1849 765 1879; x_wconf 91' lang='lat' dir='ltr'>di-</span> 
     </span>
     <span class='ocr_line' id='line_1_35' title="bbox 258 1893 765 1925; baseline 0 -2"><span class='ocrx_word' id='word_1_139' title='bbox 258 1893 322 1923; x_wconf 90' lang='lat' dir='ltr'>vini</span> <span class='ocrx_word' id='word_1_140' title='bbox 347 1894 449 1924; x_wconf 88' lang='lat' dir='ltr'>cultus</span> <span class='ocrx_word' id='word_1_141' title='bbox 474 1904 539 1924; x_wconf 92' lang='lat' dir='ltr'>non</span> <span class='ocrx_word' id='word_1_142' title='bbox 567 1901 613 1925; x_wconf 91' lang='lat' dir='ltr'>est</span> <span class='ocrx_word' id='word_1_143' title='bbox 636 1895 674 1924; x_wconf 93' lang='lat' dir='ltr'>de</span> <span class='ocrx_word' id='word_1_144' title='bbox 697 1893 765 1924; x_wconf 89' lang='lat' dir='ltr'>iure</span> 
     </span>
     <span class='ocr_line' id='line_1_36' title="bbox 259 1938 764 1974; baseline 0 -6"><span class='ocrx_word' id='word_1_145' title='bbox 259 1938 403 1974; x_wconf 90' lang='lat' dir='ltr'>naturali,</span> <span class='ocrx_word' id='word_1_146' title='bbox 428 1938 482 1968; x_wconf 91' lang='lat' dir='ltr'>sed</span> <span class='ocrx_word' id='word_1_147' title='bbox 511 1945 557 1969; x_wconf 93' lang='lat' dir='ltr'>est</span> <span class='ocrx_word' id='word_1_148' title='bbox 585 1938 764 1969; x_wconf 88' lang='lat' dir='ltr'>introducta</span> 
     </span>
     <span class='ocr_line' id='line_1_37' title="bbox 258 1981 764 2013; baseline 0 -1"><span class='ocrx_word' id='word_1_149' title='bbox 258 1982 455 2013; x_wconf 90' lang='lat' dir='ltr'>institutione</span> <span class='ocrx_word' id='word_1_150' title='bbox 487 1983 592 2012; x_wconf 86' lang='lat' dir='ltr'>divina</span> <span class='ocrx_word' id='word_1_151' title='bbox 626 1981 764 2013; x_wconf 83' lang='lat' dir='ltr'>¹3secun-</span> 
     </span>
     <span class='ocr_line' id='line_1_38' title="bbox 258 2026 764 2066; baseline 0 -10"><span class='ocrx_word' id='word_1_152' title='bbox 258 2027 334 2057; x_wconf 84' lang='lat' dir='ltr'>dum</span> <span class='ocrx_word' id='word_1_153' title='bbox 359 2026 576 2057; x_wconf 89' lang='lat' dir='ltr'>conditionem</span> <span class='ocrx_word' id='word_1_154' title='bbox 600 2026 685 2056; x_wconf 91' lang='lat' dir='ltr'>illius</span> <span class='ocrx_word' id='word_1_155' title='bbox 706 2036 764 2066; x_wconf 92' lang='lat' dir='ltr'>po-</span> 
     </span>
     <span class='ocr_line' id='line_1_39' title="bbox 258 2071 764 2110; baseline 0 -10"><span class='ocrx_word' id='word_1_156' title='bbox 258 2071 325 2110; x_wconf 91' lang='lat' dir='ltr'>puli</span> <span class='ocrx_word' id='word_1_157' title='bbox 350 2071 400 2101; x_wconf 90' lang='lat' dir='ltr'>cui</span> <span class='ocrx_word' id='word_1_158' title='bbox 425 2071 473 2100; x_wconf 88' lang='lat' dir='ltr'>lex</span> <span class='ocrx_word' id='word_1_159' title='bbox 502 2071 648 2106; x_wconf 88' lang='lat' dir='ltr'>dabatur;</span> <span class='ocrx_word' id='word_1_160' title='bbox 683 2071 764 2110; x_wconf 71' lang='lat' dir='ltr'>¹4qui</span> 
     </span>
     <span class='ocr_line' id='line_1_40' title="bbox 259 2114 764 2146; baseline -0.004 0"><span class='ocrx_word' id='word_1_161' title='bbox 259 2125 329 2146; x_wconf 89' lang='lat' dir='ltr'>cum</span> <span class='ocrx_word' id='word_1_162' title='bbox 355 2116 386 2145; x_wconf 89' lang='lat' dir='ltr'>in</span> <span class='ocrx_word' id='word_1_163' title='bbox 408 2115 578 2145; x_wconf 87' lang='lat' dir='ltr'>duodecim</span> <span class='ocrx_word' id='word_1_164' title='bbox 602 2114 701 2145; x_wconf 87' lang='lat' dir='ltr'>tribus</span> <span class='ocrx_word' id='word_1_165' title='bbox 718 2124 764 2144; x_wconf 92' lang='lat' dir='ltr'>es-</span> 
     </span>
     <span class='ocr_line' id='line_1_41' title="bbox 259 2158 763 2195; baseline -0.002 -6"><span class='ocrx_word' id='word_1_166' title='bbox 259 2167 305 2190; x_wconf 89' lang='lat' dir='ltr'>set</span> <span class='ocrx_word' id='word_1_167' title='bbox 330 2159 458 2195; x_wconf 89' lang='lat' dir='ltr'>divisus,</span> <span class='ocrx_word' id='word_1_168' title='bbox 488 2159 678 2189; x_wconf 90' lang='lat' dir='ltr'>duodecima</span> <span class='ocrx_word' id='word_1_169' title='bbox 710 2158 763 2188; x_wconf 92' lang='lat' dir='ltr'>tri-</span> 
     </span>
     <span class='ocr_line' id='line_1_42' title="bbox 258 2202 763 2243; baseline -0.002 -10"><span class='ocrx_word' id='word_1_170' title='bbox 258 2205 330 2240; x_wconf 92' lang='lat' dir='ltr'>bus,</span> <span class='ocrx_word' id='word_1_171' title='bbox 359 2203 474 2234; x_wconf 89' lang='lat' dir='ltr'>scilicet</span> <span class='ocrx_word' id='word_1_172' title='bbox 503 2202 650 2239; x_wconf 87' lang='lat' dir='ltr'>Levitica,</span> <span class='ocrx_word' id='word_1_173' title='bbox 682 2212 763 2243; x_wconf 89' lang='lat' dir='ltr'>quae</span> 
     </span>
     <span class='ocr_line' id='line_1_43' title="bbox 259 2247 764 2278; baseline -0.002 0"><span class='ocrx_word' id='word_1_174' title='bbox 259 2255 325 2278; x_wconf 91' lang='lat' dir='ltr'>tota</span> <span class='ocrx_word' id='word_1_175' title='bbox 349 2255 413 2278; x_wconf 90' lang='lat' dir='ltr'>erat</span> <span class='ocrx_word' id='word_1_176' title='bbox 441 2247 554 2277; x_wconf 90' lang='lat' dir='ltr'>divinis</span> <span class='ocrx_word' id='word_1_177' title='bbox 585 2247 764 2277; x_wconf 90' lang='lat' dir='ltr'>ministeriis</span> 
     </span>
     <span class='ocr_line' id='line_1_44' title="bbox 259 2291 763 2332; baseline -0.004 -10"><span class='ocrx_word' id='word_1_178' title='bbox 259 2292 447 2332; x_wconf 84' lang='lat' dir='ltr'>mancipata,</span> <span class='ocrx_word' id='word_1_179' title='bbox 464 2291 681 2331; x_wconf 87' lang='lat' dir='ltr'>possessiones</span> <span class='ocrx_word' id='word_1_180' title='bbox 699 2301 763 2321; x_wconf 89' lang='lat' dir='ltr'>non</span> 
     </span>
     <span class='ocr_line' id='line_1_45' title="bbox 259 2335 765 2367; baseline -0.004 0"><span class='ocrx_word' id='word_1_181' title='bbox 259 2337 408 2367; x_wconf 87' lang='lat' dir='ltr'>habebat:</span> <span class='ocrx_word' id='word_1_182' title='bbox 434 2336 518 2366; x_wconf 88' lang='lat' dir='ltr'>unde</span> <span class='ocrx_word' id='word_1_183' title='bbox 542 2335 765 2366; x_wconf 86' lang='lat' dir='ltr'>convenienter</span> 
     </span>
     <span class='ocr_line' id='line_1_46' title="bbox 258 2380 765 2420; baseline -0.002 -9"><span class='ocrx_word' id='word_1_184' title='bbox 258 2381 439 2411; x_wconf 84' lang='lat' dir='ltr'>institutum</span> <span class='ocrx_word' id='word_1_185' title='bbox 465 2387 510 2410; x_wconf 91' lang='lat' dir='ltr'>est</span> <span class='ocrx_word' id='word_1_186' title='bbox 533 2387 568 2410; x_wconf 89' lang='lat' dir='ltr'>ut</span> <span class='ocrx_word' id='word_1_187' title='bbox 594 2380 765 2420; x_wconf 81' lang='lat' dir='ltr'>¹⁵reliquae</span> 
     </span>
     <span class='ocr_line' id='line_1_47' title="bbox 260 2424 764 2463; baseline -0.004 -7"><span class='ocrx_word' id='word_1_188' title='bbox 260 2425 408 2456; x_wconf 89' lang='lat' dir='ltr'>undecim</span> <span class='ocrx_word' id='word_1_189' title='bbox 421 2425 521 2454; x_wconf 90' lang='lat' dir='ltr'>tribus</span> <span class='ocrx_word' id='word_1_190' title='bbox 530 2424 685 2454; x_wconf 88' lang='lat' dir='ltr'>decimam</span> <span class='ocrx_word' id='word_1_191' title='bbox 695 2434 764 2463; x_wconf 88' lang='lat' dir='ltr'>par-</span> 
     </span>
     <span class='ocr_line' id='line_1_48' title="bbox 259 2469 764 2508; baseline -0.004 -8"><span class='ocrx_word' id='word_1_192' title='bbox 259 2477 323 2500; x_wconf 86' lang='lat' dir='ltr'>tem</span> <span class='ocrx_word' id='word_1_193' title='bbox 336 2479 469 2499; x_wconf 89' lang='lat' dir='ltr'>suorum</span> <span class='ocrx_word' id='word_1_194' title='bbox 478 2476 693 2508; x_wconf 84' lang='lat' dir='ltr'>proventuum</span> <span class='ocrx_word' id='word_1_195' title='bbox 706 2469 764 2498; x_wconf 85' lang='lat' dir='ltr'>Le-</span> 
     </span>
     <span class='ocr_line' id='line_1_49' title="bbox 258 2512 764 2548; baseline -0.004 -4"><span class='ocrx_word' id='word_1_196' title='bbox 258 2514 358 2544; x_wconf 90' lang='lat' dir='ltr'>viticis</span> <span class='ocrx_word' id='word_1_197' title='bbox 382 2514 500 2548; x_wconf 89' lang='lat' dir='ltr'>darent,</span> <span class='ocrx_word' id='word_1_198' title='bbox 532 2520 567 2543; x_wconf 91' lang='lat' dir='ltr'>ut</span> <span class='ocrx_word' id='word_1_199' title='bbox 594 2512 764 2542; x_wconf 90' lang='lat' dir='ltr'>honorabi-</span> 
     </span>
     <span class='ocr_line' id='line_1_50' title="bbox 258 2556 764 2597; baseline -0.006 -9"><span class='ocrx_word' id='word_1_200' title='bbox 258 2558 320 2588; x_wconf 89' lang='lat' dir='ltr'>lius</span> <span class='ocrx_word' id='word_1_201' title='bbox 343 2557 492 2590; x_wconf 85' lang='lat' dir='ltr'>viverent.</span> <span class='ocrx_word' id='word_1_202' title='bbox 518 2565 548 2588; x_wconf 89' lang='lat' dir='ltr'>et</span> <span class='ocrx_word' id='word_1_203' title='bbox 571 2557 646 2597; x_wconf 91' lang='lat' dir='ltr'>quia</span> <span class='ocrx_word' id='word_1_204' title='bbox 669 2556 764 2586; x_wconf 86' lang='lat' dir='ltr'>etiam</span> 
     </span>
     <span class='ocr_line' id='line_1_51' title="bbox 259 2602 765 2643; baseline -0.004 -11"><span class='ocrx_word' id='word_1_205' title='bbox 259 2602 356 2643; x_wconf 91' lang='lat' dir='ltr'>aliqui</span> <span class='ocrx_word' id='word_1_206' title='bbox 373 2611 428 2642; x_wconf 90' lang='lat' dir='ltr'>per</span> <span class='ocrx_word' id='word_1_207' title='bbox 440 2602 662 2641; x_wconf 86' lang='lat' dir='ltr'>negligentiam</span> <span class='ocrx_word' id='word_1_208' title='bbox 678 2607 765 2630; x_wconf 87' lang='lat' dir='ltr'>erant</span> 
     </span>
     <span class='ocr_line' id='line_1_52' title="bbox 258 2644 764 2686; baseline -0.004 -9"><span class='ocrx_word' id='word_1_209' title='bbox 258 2654 501 2686; x_wconf 83' lang='lat' dir='ltr'>transgressores</span> <span class='ocrx_word' id='word_1_210' title='bbox 520 2645 630 2686; x_wconf 88' lang='lat' dir='ltr'>¹⁶furti</span> <span class='ocrx_word' id='word_1_211' title='bbox 649 2644 764 2685; x_wconf 70' lang='lat' dir='ltr'>welfu-</span> 
     </span>
     <span class='ocr_line' id='line_1_53' title="bbox 260 2689 763 2730; baseline -0.004 -9"><span class='ocrx_word' id='word_1_212' title='bbox 260 2692 336 2722; x_wconf 87' lang='lat' dir='ltr'>turi.</span> <span class='ocrx_word' id='word_1_213' title='bbox 352 2691 445 2721; x_wconf 90' lang='lat' dir='ltr'>Unde</span> <span class='ocrx_word' id='word_1_214' title='bbox 454 2696 610 2730; x_wconf 91' lang='lat' dir='ltr'>quantum</span> <span class='ocrx_word' id='word_1_215' title='bbox 627 2689 664 2719; x_wconf 90' lang='lat' dir='ltr'>ad</span> <span class='ocrx_word' id='word_1_216' title='bbox 684 2689 763 2719; x_wconf 83' lang='lat' dir='ltr'>¹7de-</span> 
     </span>
     <span class='ocr_line' id='line_1_54' title="bbox 260 2733 765 2773; baseline -0.006 -8"><span class='ocrx_word' id='word_1_217' title='bbox 260 2735 514 2766; x_wconf 85' lang='lat' dir='ltr'>terminationem</span> <span class='ocrx_word' id='word_1_218' title='bbox 539 2733 679 2764; x_wconf 88' lang='lat' dir='ltr'>decimae</span> <span class='ocrx_word' id='word_1_219' title='bbox 695 2743 765 2773; x_wconf 88' lang='lat' dir='ltr'>par—</span> 
     </span>
     <span class='ocr_line' id='line_1_55' title="bbox 259 2777 765 2815; baseline -0.006 -6"><span class='ocrx_word' id='word_1_220' title='bbox 259 2779 308 2815; x_wconf 92' lang='lat' dir='ltr'>tis,</span> <span class='ocrx_word' id='word_1_221' title='bbox 320 2778 554 2809; x_wconf 88' lang='lat' dir='ltr'>eratiudiciale:</span> <span class='ocrx_word' id='word_1_222' title='bbox 569 2778 649 2808; x_wconf 89' lang='lat' dir='ltr'>sicut</span> <span class='ocrx_word' id='word_1_223' title='bbox 662 2784 691 2807; x_wconf 89' lang='lat' dir='ltr'>et</span> <span class='ocrx_word' id='word_1_224' title='bbox 706 2777 765 2807; x_wconf 90' lang='lat' dir='ltr'>alia</span> 
     </span>
     <span class='ocr_line' id='line_1_56' title="bbox 260 2821 764 2863; baseline -0.008 -9"><span class='ocrx_word' id='word_1_225' title='bbox 260 2824 360 2854; x_wconf 89' lang='lat' dir='ltr'>multa</span> <span class='ocrx_word' id='word_1_226' title='bbox 382 2822 557 2863; x_wconf 87' lang='lat' dir='ltr'>specialiter</span> <span class='ocrx_word' id='word_1_227' title='bbox 578 2822 611 2851; x_wconf 89' lang='lat' dir='ltr'>in</span> <span class='ocrx_word' id='word_1_228' title='bbox 634 2821 688 2851; x_wconf 92' lang='lat' dir='ltr'>illo</span> <span class='ocrx_word' id='word_1_229' title='bbox 708 2831 764 2862; x_wconf 95' lang='lat' dir='ltr'>po-</span> 
     </span>
     <span class='ocr_line' id='line_1_57' title="bbox 259 2866 764 2908; baseline -0.006 -10"><span class='ocrx_word' id='word_1_230' title='bbox 259 2868 338 2908; x_wconf 92' lang='lat' dir='ltr'>pulo</span> <span class='ocrx_word' id='word_1_231' title='bbox 363 2867 506 2898; x_wconf 88' lang='lat' dir='ltr'>instituta</span> <span class='ocrx_word' id='word_1_232' title='bbox 536 2873 624 2896; x_wconf 90' lang='lat' dir='ltr'>erant</span> <span class='ocrx_word' id='word_1_233' title='bbox 650 2866 689 2896; x_wconf 89' lang='lat' dir='ltr'>ad</span> <span class='ocrx_word' id='word_1_234' title='bbox 714 2875 764 2895; x_wconf 90' lang='lat' dir='ltr'>ae-</span> 
     </span>
     <span class='ocr_line' id='line_1_58' title="bbox 259 2909 765 2954; baseline -0.006 -12"><span class='ocrx_word' id='word_1_235' title='bbox 259 2912 443 2954; x_wconf 85' lang='lat' dir='ltr'>qualitatem</span> <span class='ocrx_word' id='word_1_236' title='bbox 466 2911 546 2941; x_wconf 91' lang='lat' dir='ltr'>inter</span> <span class='ocrx_word' id='word_1_237' title='bbox 564 2910 710 2940; x_wconf 90' lang='lat' dir='ltr'>homines</span> <span class='ocrx_word' id='word_1_238' title='bbox 726 2909 765 2939; x_wconf 90' lang='lat' dir='ltr'>ad</span> 
     </span>
     <span class='ocr_line' id='line_1_59' title="bbox 259 2953 765 2986; baseline -0.004 0"><span class='ocrx_word' id='word_1_239' title='bbox 259 2956 395 2986; x_wconf 91' lang='lat' dir='ltr'>invicem</span> <span class='ocrx_word' id='word_1_240' title='bbox 420 2955 668 2985; x_wconf 89' lang='lat' dir='ltr'>conservandam</span> <span class='ocrx_word' id='word_1_241' title='bbox 694 2953 765 2984; x_wconf 63' lang='grc'><strong>1838-</strong></span> 
     </span>
     <span class='ocr_line' id='line_1_60' title="bbox 261 2999 764 3039; baseline -0.006 -9"><span class='ocrx_word' id='word_1_242' title='bbox 261 3001 400 3030; x_wconf 87' lang='lat' dir='ltr'>cundum</span> <span class='ocrx_word' id='word_1_243' title='bbox 419 2999 533 3039; x_wconf 84' lang='lat' dir='ltr'>populi</span> <span class='ocrx_word' id='word_1_244' title='bbox 556 2999 643 3028; x_wconf 86' lang='lat' dir='ltr'>illius</span> <span class='ocrx_word' id='word_1_245' title='bbox 659 2999 764 3028; x_wconf 85' lang='lat' dir='ltr'>condi-</span> 
     </span>
     <span class='ocr_line' id='line_1_61' title="bbox 260 3042 765 3083; baseline -0.008 -9"><span class='ocrx_word' id='word_1_246' title='bbox 260 3046 389 3080; x_wconf 88' lang='lat' dir='ltr'>tionem,</span> <span class='ocrx_word' id='word_1_247' title='bbox 402 3053 485 3083; x_wconf 85' lang='lat' dir='ltr'>quae</span> <span class='ocrx_word' id='word_1_248' title='bbox 497 3042 660 3073; x_wconf 87' lang='lat' dir='ltr'>iudicialia</span> <span class='ocrx_word' id='word_1_249' title='bbox 668 3051 765 3081; x_wconf 81' lang='lat' dir='ltr'>prae-</span> 
     </span>
     <span class='ocr_line' id='line_1_62' title="bbox 261 3087 765 3129; baseline -0.008 -10"><span class='ocrx_word' id='word_1_250' title='bbox 261 3094 350 3129; x_wconf 84' lang='lat' dir='ltr'>cepta</span> <span class='ocrx_word' id='word_1_251' title='bbox 363 3088 532 3124; x_wconf 81' lang='lat' dir='ltr'>dicuntur;</span> <span class='ocrx_word' id='word_1_252' title='bbox 549 3087 621 3116; x_wconf 85' lang='lat' dir='ltr'>licet</span> <span class='ocrx_word' id='word_1_253' title='bbox 636 3095 678 3116; x_wconf 85' lang='lat' dir='ltr'>ex</span> <span class='ocrx_word' id='word_1_254' title='bbox 693 3095 765 3116; x_wconf 87' lang='lat' dir='ltr'>con-</span> 
     </span>
     <span class='ocr_line' id='line_1_63' title="bbox 260 3130 766 3174; baseline -0.008 -11"><span class='ocrx_word' id='word_1_255' title='bbox 260 3133 403 3174; x_wconf 82' lang='lat' dir='ltr'>sequenti</span> <span class='ocrx_word' id='word_1_256' title='bbox 418 3131 540 3172; x_wconf 84' lang='lat' dir='ltr'>aliquid</span> <span class='ocrx_word' id='word_1_257' title='bbox 550 3130 766 3171; x_wconf 72' lang='lat' dir='ltr'>significarent</span> 
     </span>
     <span class='ocr_line' id='line_1_64' title="bbox 261 3173 766 3212; baseline -0.008 -5"><span class='ocrx_word' id='word_1_258' title='bbox 261 3178 293 3207; x_wconf 93' lang='lat' dir='ltr'>in</span> <span class='ocrx_word' id='word_1_259' title='bbox 317 3177 471 3212; x_wconf 85' lang='lat' dir='ltr'>futurum,</span> <span class='ocrx_word' id='word_1_260' title='bbox 500 3175 580 3205; x_wconf 88' lang='lat' dir='ltr'>sicut</span> <span class='ocrx_word' id='word_1_261' title='bbox 604 3181 634 3204; x_wconf 93' lang='lat' dir='ltr'>et</span> <span class='ocrx_word' id='word_1_262' title='bbox 657 3173 766 3204; x_wconf 89' lang='lat' dir='ltr'>omnia</span> 
     </span>
     <span class='ocr_line' id='line_1_65' title="bbox 263 3218 766 3255; baseline -0.004 -6"><span class='ocrx_word' id='word_1_263' title='bbox 263 3227 402 3251; x_wconf 86' lang='lat' dir='ltr'>¹9eorum</span> <span class='ocrx_word' id='word_1_264' title='bbox 427 3220 517 3255; x_wconf 85' lang='lat' dir='ltr'>facta,</span> <span class='ocrx_word' id='word_1_265' title='bbox 538 3218 714 3249; x_wconf 89' lang='lat' dir='ltr'>secundum</span> <span class='ocrx_word' id='word_1_266' title='bbox 731 3218 766 3248; x_wconf 91' lang='lat' dir='ltr'>il—</span> 
     </span>
     <span class='ocr_line' id='line_1_66' title="bbox 260 3262 765 3295; baseline -0.008 0"><span class='ocrx_word' id='word_1_267' title='bbox 260 3266 317 3295; x_wconf 92' lang='lat' dir='ltr'>lud</span> <span class='ocrx_word' id='word_1_268' title='bbox 342 3265 353 3294; x_wconf 92' lang='lat' dir='ltr'>l</span> <span class='ocrx_word' id='word_1_269' title='bbox 378 3265 417 3294; x_wconf 88' lang='lat' dir='ltr'>ad</span> <span class='ocrx_word' id='word_1_270' title='bbox 441 3263 516 3295; x_wconf 91' lang='lat' dir='ltr'>Cor.</span> <span class='ocrx_word' id='word_1_271' title='bbox 540 3272 575 3293; x_wconf 87' lang='lat' dir='ltr'>x:</span> <span class='ocrx_word' id='word_1_272' title='bbox 596 3262 714 3293; x_wconf 87' lang='lat' dir='ltr'>Omnia</span> <span class='ocrx_word' id='word_1_273' title='bbox 733 3262 765 3292; x_wconf 92' lang='lat' dir='ltr'>in</span> 
     </span>
     <span class='ocr_line' id='line_1_67' title="bbox 261 3306 764 3349; baseline -0.006 -10"><span class='ocrx_word' id='word_1_274' title='bbox 261 3309 395 3349; x_wconf 88' lang='lat' dir='ltr'>figuram</span> <span class='ocrx_word' id='word_1_275' title='bbox 430 3307 654 3347; x_wconf 88' lang='lat' dir='ltr'>contingebant</span> <span class='ocrx_word' id='word_1_276' title='bbox 687 3306 764 3343; x_wconf 88' lang='lat' dir='ltr'>illis;</span> 
     </span>
     <span class='ocr_line' id='line_1_68' title="bbox 261 3352 766 3393; baseline -0.008 -9"><span class='ocrx_word' id='word_1_277' title='bbox 261 3354 292 3384; x_wconf 90' lang='lat' dir='ltr'>in</span> <span class='ocrx_word' id='word_1_278' title='bbox 328 3363 394 3393; x_wconf 91' lang='lat' dir='ltr'>quo</span> <span class='ocrx_word' id='word_1_279' title='bbox 430 3352 657 3382; x_wconf 86' lang='lat' dir='ltr'>conveniebant</span> <span class='ocrx_word' id='word_1_280' title='bbox 692 3360 766 3381; x_wconf 89' lang='lat' dir='ltr'>cum</span> 
     </span>
     <span class='ocr_line' id='line_1_69' title="bbox 263 3395 765 3435; baseline -0.008 -7"><span class='ocrx_word' id='word_1_281' title='bbox 263 3397 543 3428; x_wconf 87' lang='lat' dir='ltr'>caeremonialibus</span> <span class='ocrx_word' id='word_1_282' title='bbox 581 3395 765 3435; x_wconf 83' lang='lat' dir='ltr'>praeceptis,</span> 
     </span>
     <span class='ocr_line' id='line_1_70' title="bbox 262 3439 766 3482; baseline -0.004 -11"><span class='ocrx_word' id='word_1_283' title='bbox 262 3451 344 3482; x_wconf 83' lang='lat' dir='ltr'>quae</span> <span class='ocrx_word' id='word_1_284' title='bbox 378 3440 588 3481; x_wconf 87' lang='lat' dir='ltr'>principaliter</span> <span class='ocrx_word' id='word_1_285' title='bbox 625 3439 766 3469; x_wconf 90' lang='lat' dir='ltr'>instituta</span> 
     </span>
     <span class='ocr_line' id='line_1_71' title="bbox 262 3483 765 3524; baseline -0.006 -9"><span class='ocrx_word' id='word_1_286' title='bbox 262 3492 350 3516; x_wconf 90' lang='lat' dir='ltr'>erant</span> <span class='ocrx_word' id='word_1_287' title='bbox 372 3485 411 3515; x_wconf 89' lang='lat' dir='ltr'>ad</span> <span class='ocrx_word' id='word_1_288' title='bbox 439 3483 680 3524; x_wconf 88' lang='lat' dir='ltr'>significandum</span> <span class='ocrx_word' id='word_1_289' title='bbox 710 3483 765 3513; x_wconf 90' lang='lat' dir='ltr'>ali-</span> 
     </span>
     <span class='ocr_line' id='line_1_72' title="bbox 262 3528 766 3571; baseline -0.004 -12"><span class='ocrx_word' id='word_1_290' title='bbox 262 3530 339 3571; x_wconf 91' lang='lat' dir='ltr'>quid</span> <span class='ocrx_word' id='word_1_291' title='bbox 351 3529 505 3559; x_wconf 86' lang='lat' dir='ltr'>futurum.</span> <span class='ocrx_word' id='word_1_292' title='bbox 527 3528 618 3558; x_wconf 87' lang='lat' dir='ltr'>Unde</span> <span class='ocrx_word' id='word_1_293' title='bbox 633 3535 663 3558; x_wconf 91' lang='lat' dir='ltr'>et</span> <span class='ocrx_word' id='word_1_294' title='bbox 679 3537 766 3567; x_wconf 89' lang='lat' dir='ltr'>prae-</span> 
     </span>
    </p>
   </div>
   <div class='ocr_carea' id='block_1_4' title="bbox 961 354 1197 426">
    <p class='ocr_par' dir='ltr' id='par_1_4' title="bbox 961 354 1197 426">
     <span class='ocr_line' id='line_1_73' title="bbox 961 354 1197 384; baseline -0.004 -1"><span class='ocrx_word' id='word_1_295' title='bbox 961 354 1081 384; x_wconf 74' lang='lat' dir='ltr'>Lacrto</span> <span class='ocrx_word' id='word_1_296' title='bbox 1119 355 1197 383; x_wconf 82' lang='lat' dir='ltr'>ATR.</span> 
     </span>
     <span class='ocr_line' id='line_1_74' title="bbox 980 406 1181 426; baseline -0.005 0"><span class='ocrx_word' id='word_1_297' title='bbox 980 406 1072 426; x_wconf 76' lang='lat' dir='ltr'>PRIMA</span> <span class='ocrx_word' id='word_1_298' title='bbox 1096 406 1181 426; x_wconf 80' lang='lat' dir='ltr'>MANU</span> 
     </span>
    </p>
   </div>
   <div class='ocr_carea' id='block_1_5' title="bbox 823 484 1332 960">
    <p class='ocr_par' dir='ltr' id='par_1_5' title="bbox 823 484 1332 960">
     <span class='ocr_line' id='line_1_75' title="bbox 886 484 1332 524; baseline 0 -11"><span class='ocrx_word' id='word_1_299' title='bbox 886 494 1042 514; x_wconf 69' lang='lat' dir='ltr'>asponnao</span> <span class='ocrx_word' id='word_1_300' title='bbox 1068 493 1224 513; x_wconf 76' lang='lat' dir='ltr'>D1CENDUM</span> <span class='ocrx_word' id='word_1_301' title='bbox 1244 484 1332 524; x_wconf 83' lang='lat' dir='ltr'>quod</span> 
     </span>
     <span class='ocr_line' id='line_1_76' title="bbox 830 497 1331 566; baseline -0.002 -8"><span class='ocrx_word' id='word_1_302' title='bbox 830 497 1025 558; x_wconf 80' lang='lat' dir='ltr'>Rdecimae</span> <span class='ocrx_word' id='word_1_303' title='bbox 1062 528 1094 557; x_wconf 90' lang='lat' dir='ltr'>in</span> <span class='ocrx_word' id='word_1_304' title='bbox 1130 527 1225 558; x_wconf 88' lang='lat' dir='ltr'>veteri</span> <span class='ocrx_word' id='word_1_305' title='bbox 1263 528 1331 566; x_wconf 87' lang='lat' dir='ltr'>lege</span> 
     </span>
     <span class='ocr_line' id='line_1_77' title="bbox 825 571 1332 602; baseline 0.002 -2"><span class='ocrx_word' id='word_1_306' title='bbox 825 572 980 602; x_wconf 90' lang='lat' dir='ltr'>dabantur</span> <span class='ocrx_word' id='word_1_307' title='bbox 1003 572 1042 601; x_wconf 89' lang='lat' dir='ltr'>ad</span> <span class='ocrx_word' id='word_1_308' title='bbox 1070 571 1332 602; x_wconf 88' lang='lat' dir='ltr'>sustentationem</span> 
     </span>
     <span class='ocr_line' id='line_1_78' title="bbox 825 615 1331 646; baseline 0.002 -2"><span class='ocrx_word' id='word_1_309' title='bbox 825 615 1042 646; x_wconf 89' lang='lat' dir='ltr'>ministrorum</span> <span class='ocrx_word' id='word_1_310' title='bbox 1067 616 1139 646; x_wconf 89' lang='lat' dir='ltr'>Dei:</span> <span class='ocrx_word' id='word_1_311' title='bbox 1171 617 1255 646; x_wconf 92' lang='lat' dir='ltr'>unde</span> <span class='ocrx_word' id='word_1_312' title='bbox 1287 616 1331 645; x_wconf 91' lang='lat' dir='ltr'>di-</span> 
     </span>
     <span class='ocr_line' id='line_1_79' title="bbox 825 659 1332 701; baseline 0 -12"><span class='ocrx_word' id='word_1_313' title='bbox 825 659 904 690; x_wconf 91' lang='lat' dir='ltr'>citur</span> <span class='ocrx_word' id='word_1_314' title='bbox 936 660 1069 690; x_wconf 89' lang='lat' dir='ltr'>Malach.</span> <span class='ocrx_word' id='word_1_315' title='bbox 1104 669 1152 690; x_wconf 86' lang='lat'>111:</span> <span class='ocrx_word' id='word_1_316' title='bbox 1189 660 1332 701; x_wconf 86' lang='lat' dir='ltr'>¹Inferre</span> 
     </span>
     <span class='ocr_line' id='line_1_80' title="bbox 825 703 1330 734; baseline 0 -1"><span class='ocrx_word' id='word_1_317' title='bbox 825 713 955 733; x_wconf 90' lang='lat' dir='ltr'>omnem</span> <span class='ocrx_word' id='word_1_318' title='bbox 964 703 1207 734; x_wconf 84' lang='lat' dir='ltr'>decimationem</span> <span class='ocrx_word' id='word_1_319' title='bbox 1217 704 1249 733; x_wconf 92' lang='lat' dir='ltr'>in</span> <span class='ocrx_word' id='word_1_320' title='bbox 1258 704 1330 733; x_wconf 90' lang='lat' dir='ltr'>hor-</span> 
     </span>
     <span class='ocr_line' id='line_1_81' title="bbox 824 748 1330 784; baseline 0 -7"><span class='ocrx_word' id='word_1_321' title='bbox 824 757 914 777; x_wconf 91' lang='lat' dir='ltr'>reum</span> <span class='ocrx_word' id='word_1_322' title='bbox 939 758 1059 784; x_wconf 89' lang='lat' dir='ltr'>meum,</span> <span class='ocrx_word' id='word_1_323' title='bbox 1081 757 1115 779; x_wconf 92' lang='lat' dir='ltr'>ut</span> <span class='ocrx_word' id='word_1_324' title='bbox 1138 748 1177 778; x_wconf 89' lang='lat' dir='ltr'>sit</span> <span class='ocrx_word' id='word_1_325' title='bbox 1193 748 1281 778; x_wconf 92' lang='lat' dir='ltr'>cibus</span> <span class='ocrx_word' id='word_1_326' title='bbox 1297 748 1330 777; x_wconf 93' lang='lat' dir='ltr'>in</span> 
     </span>
     <span class='ocr_line' id='line_1_82' title="bbox 824 792 1330 832; baseline 0.002 -11"><span class='ocrx_word' id='word_1_327' title='bbox 824 792 923 822; x_wconf 91' lang='lat' dir='ltr'>domo</span> <span class='ocrx_word' id='word_1_328' title='bbox 959 802 1038 823; x_wconf 89' lang='lat' dir='ltr'>mea.</span> <span class='ocrx_word' id='word_1_329' title='bbox 1076 793 1167 823; x_wconf 91' lang='lat' dir='ltr'>Unde</span> <span class='ocrx_word' id='word_1_330' title='bbox 1206 802 1330 832; x_wconf 87' lang='lat' dir='ltr'>praece-</span> 
     </span>
     <span class='ocr_line' id='line_1_83' title="bbox 823 836 1328 876; baseline -0.002 -10"><span class='ocrx_word' id='word_1_331' title='bbox 823 843 915 876; x_wconf 89' lang='lat' dir='ltr'>ptum</span> <span class='ocrx_word' id='word_1_332' title='bbox 940 837 978 866; x_wconf 89' lang='lat' dir='ltr'>de</span> <span class='ocrx_word' id='word_1_333' title='bbox 1006 836 1164 866; x_wconf 90' lang='lat' dir='ltr'>solutione</span> <span class='ocrx_word' id='word_1_334' title='bbox 1195 836 1328 866; x_wconf 89' lang='lat' dir='ltr'>decima-</span> 
     </span>
     <span class='ocr_line' id='line_1_84' title="bbox 823 880 1328 920; baseline 0 -10"><span class='ocrx_word' id='word_1_335' title='bbox 823 890 895 910; x_wconf 91' lang='lat' dir='ltr'>rum</span> <span class='ocrx_word' id='word_1_336' title='bbox 909 880 1024 920; x_wconf 88' lang='lat' dir='ltr'>partim</span> <span class='ocrx_word' id='word_1_337' title='bbox 1035 881 1166 920; x_wconf 90' lang='lat' dir='ltr'>quidem</span> <span class='ocrx_word' id='word_1_338' title='bbox 1180 887 1244 910; x_wconf 89' lang='lat' dir='ltr'>erat</span> <span class='ocrx_word' id='word_1_339' title='bbox 1259 890 1328 910; x_wconf 66' lang='lat' dir='ltr'>mo&lt;</span> 
     </span>
     <span class='ocr_line' id='line_1_85' title="bbox 823 924 1058 960; baseline 0 -6"><span class='ocrx_word' id='word_1_340' title='bbox 823 925 896 960; x_wconf 85' lang='lat' dir='ltr'>rale,</span> <span class='ocrx_word' id='word_1_341' title='bbox 921 924 1058 954; x_wconf 92' lang='lat' dir='ltr'>inditum</span> 
     </span>
    </p>
   </div>
   <div class='ocr_carea' id='block_1_6' title="bbox 816 1011 1328 2985">
    <p class='ocr_par' dir='ltr' id='par_1_6' title="bbox 816 1011 1328 2985">
     <span class='ocr_line' id='line_1_86' title="bbox 1015 1011 1327 1042; baseline -0.003 0"><span class='ocrx_word' id='word_1_342' title='bbox 1015 1022 1051 1042; x_wconf 82' lang='lat' dir='ltr'>ex</span> <span class='ocrx_word' id='word_1_343' title='bbox 1075 1012 1179 1042; x_wconf 90' lang='lat' dir='ltr'>divina</span> <span class='ocrx_word' id='word_1_344' title='bbox 1202 1011 1327 1042; x_wconf 90' lang='lat' dir='ltr'>institu-</span> 
     </span>
     <span class='ocr_line' id='line_1_87' title="bbox 822 1056 1328 1093; baseline 0 -7"><span class='ocrx_word' id='word_1_345' title='bbox 822 1056 909 1086; x_wconf 90' lang='lat' dir='ltr'>tione</span> <span class='ocrx_word' id='word_1_346' title='bbox 939 1057 1037 1086; x_wconf 90' lang='lat' dir='ltr'>robur</span> <span class='ocrx_word' id='word_1_347' title='bbox 1067 1056 1194 1086; x_wconf 83' lang='lat' dir='ltr'>habens.</span> <span class='ocrx_word' id='word_1_348' title='bbox 1231 1056 1328 1093; x_wconf 90' lang='lat' dir='ltr'>Quod</span> 
     </span>
     <span class='ocr_line' id='line_1_88' title="bbox 822 1100 1327 1140; baseline 0 -10"><span class='ocrx_word' id='word_1_349' title='bbox 822 1100 907 1130; x_wconf 91' lang='lat' dir='ltr'>enirn</span> <span class='ocrx_word' id='word_1_350' title='bbox 936 1100 983 1130; x_wconf 90' lang='lat' dir='ltr'>his</span> <span class='ocrx_word' id='word_1_351' title='bbox 1014 1100 1069 1140; x_wconf 93' lang='lat' dir='ltr'>qui</span> <span class='ocrx_word' id='word_1_352' title='bbox 1093 1100 1200 1130; x_wconf 91' lang='lat' dir='ltr'>divino</span> <span class='ocrx_word' id='word_1_353' title='bbox 1229 1100 1327 1130; x_wconf 91' lang='lat' dir='ltr'>cultui</span> 
     </span>
     <span class='ocr_line' id='line_1_89' title="bbox 822 1144 1327 1183; baseline 0 -9"><span class='ocrx_word' id='word_1_354' title='bbox 822 1144 1040 1174; x_wconf 81' lang='lat' dir='ltr'>ministrabant</span> <span class='ocrx_word' id='word_1_355' title='bbox 1063 1145 1102 1174; x_wconf 87' lang='lat' dir='ltr'>ad</span> <span class='ocrx_word' id='word_1_356' title='bbox 1118 1145 1251 1175; x_wconf 91' lang='lat' dir='ltr'>salutem</span> <span class='ocrx_word' id='word_1_357' title='bbox 1269 1154 1327 1183; x_wconf 94' lang='lat' dir='ltr'>po-</span> 
     </span>
     <span class='ocr_line' id='line_1_90' title="bbox 821 1188 1327 1228; baseline 0 -10"><span class='ocrx_word' id='word_1_358' title='bbox 821 1189 888 1228; x_wconf 93' lang='lat' dir='ltr'>puli</span> <span class='ocrx_word' id='word_1_359' title='bbox 913 1188 1020 1224; x_wconf 87' lang='lat' dir='ltr'>totius,</span> <span class='ocrx_word' id='word_1_360' title='bbox 1223 1198 1327 1218; x_wconf 89' lang='lat' dir='ltr'>neces-</span> 
     </span>
     <span class='ocr_line' id='line_1_91' title="bbox 821 1232 1327 1268; baseline 0 -6"><span class='ocrx_word' id='word_1_361' title='bbox 821 1232 900 1262; x_wconf 89' lang='lat' dir='ltr'>saria</span> <span class='ocrx_word' id='word_1_362' title='bbox 912 1233 1026 1263; x_wconf 85' lang='lat' dir='ltr'>4victui</span> <span class='ocrx_word' id='word_1_363' title='bbox 1040 1232 1236 1268; x_wconf 83' lang='lat' dir='ltr'>ministraret,</span> <span class='ocrx_word' id='word_1_364' title='bbox 1255 1232 1327 1262; x_wconf 84' lang='lat' dir='ltr'>⁵na-</span> 
     </span>
     <span class='ocr_line' id='line_1_92' title="bbox 821 1276 1328 1306; baseline -0.002 0"><span class='ocrx_word' id='word_1_365' title='bbox 821 1277 939 1306; x_wconf 75' lang='lat' dir='ltr'>ruralis</span> <span class='ocrx_word' id='word_1_366' title='bbox 963 1277 1046 1306; x_wconf 87' lang='lat' dir='ltr'>ratio</span> <span class='ocrx_word' id='word_1_367' title='bbox 1071 1276 1179 1306; x_wconf 86' lang='lat' dir='ltr'>dictat:</span> <span class='ocrx_word' id='word_1_368' title='bbox 1200 1276 1282 1306; x_wconf 89' lang='lat' dir='ltr'>sicut</span> <span class='ocrx_word' id='word_1_369' title='bbox 1297 1283 1328 1306; x_wconf 91' lang='lat' dir='ltr'>et</span> 
     </span>
     <span class='ocr_line' id='line_1_93' title="bbox 820 1319 1327 1360; baseline -0.002 -10"><span class='ocrx_word' id='word_1_370' title='bbox 820 1320 868 1350; x_wconf 91' lang='lat' dir='ltr'>his</span> <span class='ocrx_word' id='word_1_371' title='bbox 904 1320 959 1360; x_wconf 89' lang='lat' dir='ltr'>qui</span> <span class='ocrx_word' id='word_1_372' title='bbox 995 1319 1160 1350; x_wconf 89' lang='lat' dir='ltr'>communi</span> <span class='ocrx_word' id='word_1_373' title='bbox 1199 1319 1327 1349; x_wconf 81' lang='lat' dir='ltr'>utilitati</span> 
     </span>
     <span class='ocr_line' id='line_1_94' title="bbox 818 1363 1327 1403; baseline -0.002 -10"><span class='ocrx_word' id='word_1_374' title='bbox 818 1363 992 1402; x_wconf 86' lang='lat' dir='ltr'>invigilant,</span> <span class='ocrx_word' id='word_1_375' title='bbox 1006 1363 1123 1393; x_wconf 89' lang='lat' dir='ltr'>scilicet</span> <span class='ocrx_word' id='word_1_376' title='bbox 1131 1363 1327 1403; x_wconf 90' lang='lat' dir='ltr'>principibus</span> 
     </span>
     <span class='ocr_line' id='line_1_95' title="bbox 820 1406 1326 1437; baseline 0 0"><span class='ocrx_word' id='word_1_377' title='bbox 820 1414 850 1437; x_wconf 92' lang='lat' dir='ltr'>et</span> <span class='ocrx_word' id='word_1_378' title='bbox 878 1407 1030 1437; x_wconf 89' lang='lat' dir='ltr'>militibus</span> <span class='ocrx_word' id='word_1_379' title='bbox 1059 1415 1089 1437; x_wconf 93' lang='lat' dir='ltr'>et</span> <span class='ocrx_word' id='word_1_380' title='bbox 1119 1407 1185 1437; x_wconf 88' lang='lat' dir='ltr'>aliis</span> <span class='ocrx_word' id='word_1_381' title='bbox 1218 1406 1326 1437; x_wconf 89' lang='lat' dir='ltr'>huius-</span> 
     </span>
     <span class='ocr_line' id='line_1_96' title="bbox 820 1451 1326 1491; baseline 0 -10"><span class='ocrx_word' id='word_1_382' title='bbox 820 1451 919 1487; x_wconf 88' lang='lat' dir='ltr'>modi,</span> <span class='ocrx_word' id='word_1_383' title='bbox 945 1451 1100 1491; x_wconf 90' lang='lat' dir='ltr'>stipendia</span> <span class='ocrx_word' id='word_1_384' title='bbox 1274 1452 1326 1481; x_wconf 90' lang='lat' dir='ltr'>de-</span> 
     </span>
     <span class='ocr_line' id='line_1_97' title="bbox 819 1496 1328 1526; baseline -0.002 0"><span class='ocrx_word' id='word_1_385' title='bbox 819 1496 934 1526; x_wconf 89' lang='lat' dir='ltr'>bentur</span> <span class='ocrx_word' id='word_1_386' title='bbox 1179 1496 1272 1526; x_wconf 88' lang='lat' dir='ltr'>Unde</span> <span class='ocrx_word' id='word_1_387' title='bbox 1297 1502 1328 1526; x_wconf 91' lang='lat' dir='ltr'>et</span> 
     </span>
     <span class='ocr_line' id='line_1_98' title="bbox 820 1539 1326 1580; baseline 0 -11"><span class='ocrx_word' id='word_1_388' title='bbox 820 1539 995 1580; x_wconf 87' lang='lat' dir='ltr'>Apostolus</span> <span class='ocrx_word' id='word_1_389' title='bbox 1103 1540 1226 1580; x_wconf 90' lang='lat' dir='ltr'>probat,</span> <span class='ocrx_word' id='word_1_390' title='bbox 1251 1540 1262 1569; x_wconf 97' lang='lat' dir='ltr'>I</span> <span class='ocrx_word' id='word_1_391' title='bbox 1287 1539 1326 1569; x_wconf 89' lang='lat' dir='ltr'>ad</span> 
     </span>
     <span class='ocr_line' id='line_1_99' title="bbox 820 1583 1326 1623; baseline 0 -9"><span class='ocrx_word' id='word_1_392' title='bbox 820 1583 896 1614; x_wconf 88' lang='lat' dir='ltr'>Cor.</span> <span class='ocrx_word' id='word_1_393' title='bbox 921 1594 960 1619; x_wconf 83' lang='lat' dir='ltr'>tx,</span> <span class='ocrx_word' id='word_1_394' title='bbox 984 1593 1039 1623; x_wconf 92' lang='lat' dir='ltr'>per</span> <span class='ocrx_word' id='word_1_395' title='bbox 1062 1584 1237 1614; x_wconf 66' lang='lat' dir='ltr'>ohumanas</span> <span class='ocrx_word' id='word_1_396' title='bbox 1252 1594 1326 1614; x_wconf 91' lang='lat' dir='ltr'>con-</span> 
     </span>
     <span class='ocr_line' id='line_1_100' title="bbox 820 1628 1327 1665; baseline 0 -7"><span class='ocrx_word' id='word_1_397' title='bbox 820 1628 1025 1664; x_wconf 85' lang='lat' dir='ltr'>suetudines‚</span> <span class='ocrx_word' id='word_1_398' title='bbox 1063 1628 1193 1658; x_wconf 88' lang='lat' dir='ltr'>dicens:</span> <span class='ocrx_word' id='word_1_399' title='bbox 1232 1628 1327 1665; x_wconf 85' lang='lat' dir='ltr'>1⁰Qui</span> 
     </span>
     <span class='ocr_line' id='line_1_101' title="bbox 819 1672 1325 1712; baseline 0 -10"><span class='ocrx_word' id='word_1_400' title='bbox 819 1672 934 1702; x_wconf 89' lang='lat' dir='ltr'>militat</span> <span class='ocrx_word' id='word_1_401' title='bbox 957 1672 1020 1702; x_wconf 91' lang='lat' dir='ltr'>suis</span> <span class='ocrx_word' id='word_1_402' title='bbox 1047 1673 1238 1712; x_wconf 78' lang='lat' dir='ltr'>¹¹stipendus</span> <span class='ocrx_word' id='word_1_403' title='bbox 1267 1682 1325 1702; x_wconf 92' lang='lat' dir='ltr'>un-</span> 
     </span>
     <span class='ocr_line' id='line_1_102' title="bbox 819 1714 1326 1756; baseline 0 -10"><span class='ocrx_word' id='word_1_404' title='bbox 819 1714 934 1756; x_wconf 84' lang='lat' dir='ltr'>quam?</span> <span class='ocrx_word' id='word_1_405' title='bbox 958 1716 1038 1753; x_wconf 86' lang='lat' dir='ltr'>Quis</span> <span class='ocrx_word' id='word_1_406' title='bbox 1062 1716 1182 1756; x_wconf 91' lang='lat' dir='ltr'>plantat</span> <span class='ocrx_word' id='word_1_407' title='bbox 1200 1716 1326 1746; x_wconf 84' lang='lat' dir='ltr'>vineam</span> 
     </span>
     <span class='ocr_line' id='line_1_103' title="bbox 819 1758 1326 1791; baseline 0 -1"><span class='ocrx_word' id='word_1_408' title='bbox 819 1768 849 1791; x_wconf 85' lang='lat' dir='ltr'>et</span> <span class='ocrx_word' id='word_1_409' title='bbox 859 1761 898 1790; x_wconf 93' lang='lat' dir='ltr'>de</span> <span class='ocrx_word' id='word_1_410' title='bbox 910 1760 1064 1790; x_wconf 92' lang='lat' dir='ltr'>fructibus</span> <span class='ocrx_word' id='word_1_411' title='bbox 1076 1760 1143 1791; x_wconf 91' lang='lat' dir='ltr'>eius</span> <span class='ocrx_word' id='word_1_412' title='bbox 1161 1771 1226 1790; x_wconf 93' lang='lat' dir='ltr'>non</span> <span class='ocrx_word' id='word_1_413' title='bbox 1243 1758 1326 1791; x_wconf 89' lang='lat' dir='ltr'>edit?</span> 
     </span>
     <span class='ocr_line' id='line_1_104' title="bbox 818 1804 1325 1845; baseline -0.002 -9"><span class='ocrx_word' id='word_1_414' title='bbox 818 1805 879 1836; x_wconf 92' lang='lat' dir='ltr'>Sed</span> <span class='ocrx_word' id='word_1_415' title='bbox 909 1804 1104 1835; x_wconf 76' lang='lat' dir='ltr'>¹²decimatio</span> <span class='ocrx_word' id='word_1_416' title='bbox 1132 1812 1232 1835; x_wconf 91' lang='lat' dir='ltr'>certae</span> <span class='ocrx_word' id='word_1_417' title='bbox 1256 1815 1325 1845; x_wconf 90' lang='lat' dir='ltr'>par-</span> 
     </span>
     <span class='ocr_line' id='line_1_105' title="bbox 817 1849 1324 1880; baseline 0 -1"><span class='ocrx_word' id='word_1_418' title='bbox 817 1849 856 1880; x_wconf 92' lang='lat' dir='ltr'>tis</span> <span class='ocrx_word' id='word_1_419' title='bbox 880 1849 1073 1880; x_wconf 83' lang='lat' dir='ltr'>exhibendae</span> <span class='ocrx_word' id='word_1_420' title='bbox 1097 1849 1246 1880; x_wconf 85' lang='lat' dir='ltr'>ministris</span> <span class='ocrx_word' id='word_1_421' title='bbox 1277 1850 1324 1879; x_wconf 90' lang='lat' dir='ltr'>di-</span> 
     </span>
     <span class='ocr_line' id='line_1_106' title="bbox 817 1893 1325 1924; baseline 0 -1"><span class='ocrx_word' id='word_1_422' title='bbox 817 1893 881 1923; x_wconf 90' lang='lat' dir='ltr'>vini</span> <span class='ocrx_word' id='word_1_423' title='bbox 906 1893 1008 1924; x_wconf 90' lang='lat' dir='ltr'>cultus</span> <span class='ocrx_word' id='word_1_424' title='bbox 1033 1902 1099 1923; x_wconf 90' lang='lat' dir='ltr'>non</span> <span class='ocrx_word' id='word_1_425' title='bbox 1124 1900 1170 1924; x_wconf 90' lang='lat' dir='ltr'>est</span> <span class='ocrx_word' id='word_1_426' title='bbox 1193 1894 1231 1924; x_wconf 94' lang='lat' dir='ltr'>de</span> <span class='ocrx_word' id='word_1_427' title='bbox 1258 1893 1325 1924; x_wconf 92' lang='lat' dir='ltr'>iure</span> 
     </span>
     <span class='ocr_line' id='line_1_107' title="bbox 818 1937 1326 1974; baseline 0 -6"><span class='ocrx_word' id='word_1_428' title='bbox 818 1938 970 1974; x_wconf 86' lang='lat' dir='ltr'>naturali,</span> <span class='ocrx_word' id='word_1_429' title='bbox 995 1938 1049 1968; x_wconf 91' lang='lat' dir='ltr'>sed</span> <span class='ocrx_word' id='word_1_430' title='bbox 1073 1944 1119 1968; x_wconf 93' lang='lat' dir='ltr'>est</span> <span class='ocrx_word' id='word_1_431' title='bbox 1145 1937 1326 1968; x_wconf 90' lang='lat' dir='ltr'>introducta</span> 
     </span>
     <span class='ocr_line' id='line_1_108' title="bbox 817 1981 1249 2013; baseline 0.002 -1"><span class='ocrx_word' id='word_1_432' title='bbox 817 1982 1015 2013; x_wconf 88' lang='lat' dir='ltr'>institutione</span> <span class='ocrx_word' id='word_1_433' title='bbox 1039 1982 1143 2012; x_wconf 89' lang='lat' dir='ltr'>divina</span> <span class='ocrx_word' id='word_1_434' title='bbox 1165 1981 1249 2013; x_wconf 80' lang='lat' dir='ltr'>¹³sed</span> 
     </span>
     <span class='ocr_line' id='line_1_109' title="bbox 918 2026 1325 2066; baseline -0.002 -9"><span class='ocrx_word' id='word_1_435' title='bbox 918 2026 1134 2057; x_wconf 88' lang='lat' dir='ltr'>conditionem</span> <span class='ocrx_word' id='word_1_436' title='bbox 1159 2026 1243 2057; x_wconf 90' lang='lat' dir='ltr'>illius</span> <span class='ocrx_word' id='word_1_437' title='bbox 1267 2037 1325 2066; x_wconf 89' lang='lat' dir='ltr'>po-</span> 
     </span>
     <span class='ocr_line' id='line_1_110' title="bbox 817 2070 1326 2111; baseline 0.002 -11"><span class='ocrx_word' id='word_1_438' title='bbox 817 2070 885 2110; x_wconf 89' lang='lat' dir='ltr'>puli</span> <span class='ocrx_word' id='word_1_439' title='bbox 903 2071 952 2101; x_wconf 90' lang='lat' dir='ltr'>cui</span> <span class='ocrx_word' id='word_1_440' title='bbox 970 2071 1019 2100; x_wconf 87' lang='lat' dir='ltr'>lex</span> <span class='ocrx_word' id='word_1_441' title='bbox 1043 2071 1175 2101; x_wconf 87' lang='lat' dir='ltr'>dabatur</span> <span class='ocrx_word' id='word_1_442' title='bbox 1183 2080 1190 2106; x_wconf 89' lang='lat'>;</span> <span class='ocrx_word' id='word_1_443' title='bbox 1217 2070 1326 2111; x_wconf 58' lang='lat' dir='ltr'>¹‘iquid</span> 
     </span>
     <span class='ocr_line' id='line_1_111' title="bbox 817 2114 1325 2145; baseline 0.002 -1"><span class='ocrx_word' id='word_1_444' title='bbox 817 2124 888 2145; x_wconf 87' lang='lat' dir='ltr'>cum</span> <span class='ocrx_word' id='word_1_445' title='bbox 912 2116 944 2145; x_wconf 90' lang='lat' dir='ltr'>in</span> <span class='ocrx_word' id='word_1_446' title='bbox 970 2114 1140 2144; x_wconf 89' lang='lat' dir='ltr'>duodecim</span> <span class='ocrx_word' id='word_1_447' title='bbox 1156 2114 1255 2145; x_wconf 89' lang='lat' dir='ltr'>tribus</span> <span class='ocrx_word' id='word_1_448' title='bbox 1279 2125 1325 2145; x_wconf 91' lang='lat' dir='ltr'>es-</span> 
     </span>
     <span class='ocr_line' id='line_1_112' title="bbox 818 2157 1325 2195; baseline 0.002 -7"><span class='ocrx_word' id='word_1_449' title='bbox 818 2166 864 2189; x_wconf 91' lang='lat' dir='ltr'>set</span> <span class='ocrx_word' id='word_1_450' title='bbox 892 2157 1021 2195; x_wconf 91' lang='lat' dir='ltr'>divisus,</span> <span class='ocrx_word' id='word_1_451' title='bbox 1053 2158 1243 2189; x_wconf 90' lang='lat' dir='ltr'>duodecima</span> <span class='ocrx_word' id='word_1_452' title='bbox 1272 2159 1325 2189; x_wconf 91' lang='lat' dir='ltr'>tri-</span> 
     </span>
     <span class='ocr_line' id='line_1_113' title="bbox 816 2202 1325 2243; baseline 0 -10"><span class='ocrx_word' id='word_1_453' title='bbox 816 2203 886 2239; x_wconf 89' lang='lat' dir='ltr'>bus,</span> <span class='ocrx_word' id='word_1_454' title='bbox 918 2202 1034 2233; x_wconf 89' lang='lat' dir='ltr'>scilicet</span> <span class='ocrx_word' id='word_1_455' title='bbox 1062 2202 1210 2239; x_wconf 86' lang='lat' dir='ltr'>Levitica,</span> <span class='ocrx_word' id='word_1_456' title='bbox 1243 2213 1325 2243; x_wconf 90' lang='lat' dir='ltr'>quae</span> 
     </span>
     <span class='ocr_line' id='line_1_114' title="bbox 817 2246 1324 2278; baseline 0.002 -1"><span class='ocrx_word' id='word_1_457' title='bbox 817 2254 883 2278; x_wconf 89' lang='lat' dir='ltr'>tota</span> <span class='ocrx_word' id='word_1_458' title='bbox 907 2254 973 2277; x_wconf 80' lang='lat' dir='ltr'>erat</span> <span class='ocrx_word' id='word_1_459' title='bbox 1003 2246 1116 2277; x_wconf 91' lang='lat' dir='ltr'>divinis</span> <span class='ocrx_word' id='word_1_460' title='bbox 1144 2247 1324 2278; x_wconf 89' lang='lat' dir='ltr'>ministeriis</span> 
     </span>
     <span class='ocr_line' id='line_1_115' title="bbox 818 2292 1324 2331; baseline 0 -10"><span class='ocrx_word' id='word_1_461' title='bbox 818 2292 1004 2331; x_wconf 90' lang='lat' dir='ltr'>mancipata,</span> <span class='ocrx_word' id='word_1_462' title='bbox 1026 2292 1241 2331; x_wconf 87' lang='lat' dir='ltr'>possessiones</span> <span class='ocrx_word' id='word_1_463' title='bbox 1258 2302 1324 2322; x_wconf 91' lang='lat' dir='ltr'>non</span> 
     </span>
     <span class='ocr_line' id='line_1_116' title="bbox 818 2335 1325 2366; baseline 0 -1"><span class='ocrx_word' id='word_1_464' title='bbox 818 2336 964 2365; x_wconf 86' lang='lat' dir='ltr'>habebat:</span> <span class='ocrx_word' id='word_1_465' title='bbox 991 2335 1075 2365; x_wconf 88' lang='lat' dir='ltr'>unde</span> <span class='ocrx_word' id='word_1_466' title='bbox 1103 2335 1325 2366; x_wconf 88' lang='lat' dir='ltr'>convenienter</span> 
     </span>
     <span class='ocr_line' id='line_1_117' title="bbox 817 2379 1325 2420; baseline -0.002 -10"><span class='ocrx_word' id='word_1_467' title='bbox 817 2379 998 2410; x_wconf 88' lang='lat' dir='ltr'>institutum</span> <span class='ocrx_word' id='word_1_468' title='bbox 1028 2386 1074 2409; x_wconf 91' lang='lat' dir='ltr'>est</span> <span class='ocrx_word' id='word_1_469' title='bbox 1109 2387 1144 2410; x_wconf 91' lang='lat' dir='ltr'>ut</span> <span class='ocrx_word' id='word_1_470' title='bbox 1180 2379 1325 2420; x_wconf 83' lang='lat' dir='ltr'>¹⁵reliqui</span> 
     </span>
     <span class='ocr_line' id='line_1_118' title="bbox 818 2423 1324 2464; baseline -0.002 -10"><span class='ocrx_word' id='word_1_471' title='bbox 818 2423 966 2454; x_wconf 87' lang='lat' dir='ltr'>undecim</span> <span class='ocrx_word' id='word_1_472' title='bbox 978 2423 1076 2453; x_wconf 89' lang='lat' dir='ltr'>tribus</span> <span class='ocrx_word' id='word_1_473' title='bbox 1087 2423 1242 2454; x_wconf 87' lang='lat' dir='ltr'>decimam</span> <span class='ocrx_word' id='word_1_474' title='bbox 1254 2434 1324 2464; x_wconf 90' lang='lat' dir='ltr'>par-</span> 
     </span>
     <span class='ocr_line' id='line_1_119' title="bbox 817 2469 1323 2508; baseline 0 -10"><span class='ocrx_word' id='word_1_475' title='bbox 817 2475 882 2498; x_wconf 92' lang='lat' dir='ltr'>tern</span> <span class='ocrx_word' id='word_1_476' title='bbox 895 2478 1028 2498; x_wconf 92' lang='lat' dir='ltr'>suorum</span> <span class='ocrx_word' id='word_1_477' title='bbox 1042 2475 1256 2508; x_wconf 83' lang='lat' dir='ltr'>proventuum</span> <span class='ocrx_word' id='word_1_478' title='bbox 1266 2469 1323 2498; x_wconf 92' lang='lat' dir='ltr'>Le-</span> 
     </span>
     <span class='ocr_line' id='line_1_120' title="bbox 817 2511 1324 2548; baseline 0 -6"><span class='ocrx_word' id='word_1_479' title='bbox 817 2511 916 2543; x_wconf 89' lang='lat' dir='ltr'>viticis</span> <span class='ocrx_word' id='word_1_480' title='bbox 941 2513 1059 2548; x_wconf 86' lang='lat' dir='ltr'>darent,</span> <span class='ocrx_word' id='word_1_481' title='bbox 1090 2519 1124 2542; x_wconf 89' lang='lat' dir='ltr'>ut</span> <span class='ocrx_word' id='word_1_482' title='bbox 1154 2512 1324 2542; x_wconf 85' lang='lat' dir='ltr'>honorabi-</span> 
     </span>
     <span class='ocr_line' id='line_1_121' title="bbox 818 2556 1323 2596; baseline 0 -10"><span class='ocrx_word' id='word_1_483' title='bbox 818 2557 878 2587; x_wconf 90' lang='lat' dir='ltr'>lius</span> <span class='ocrx_word' id='word_1_484' title='bbox 901 2556 1050 2591; x_wconf 83' lang='lat' dir='ltr'>viverent‚</span> <span class='ocrx_word' id='word_1_485' title='bbox 1067 2564 1096 2586; x_wconf 90' lang='lat' dir='ltr'>et</span> <span class='ocrx_word' id='word_1_486' title='bbox 1125 2556 1200 2596; x_wconf 89' lang='lat' dir='ltr'>quia</span> <span class='ocrx_word' id='word_1_487' title='bbox 1229 2557 1323 2586; x_wconf 90' lang='lat' dir='ltr'>etiam</span> 
     </span>
     <span class='ocr_line' id='line_1_122' title="bbox 818 2600 1325 2641; baseline 0 -11"><span class='ocrx_word' id='word_1_488' title='bbox 818 2601 914 2641; x_wconf 87' lang='lat' dir='ltr'>aliqui</span> <span class='ocrx_word' id='word_1_489' title='bbox 928 2610 982 2640; x_wconf 88' lang='lat' dir='ltr'>per</span> <span class='ocrx_word' id='word_1_490' title='bbox 998 2600 1221 2640; x_wconf 86' lang='lat' dir='ltr'>negligentiam</span> <span class='ocrx_word' id='word_1_491' title='bbox 1237 2607 1325 2631; x_wconf 82' lang='lat' dir='ltr'>erant</span> 
     </span>
     <span class='ocr_line' id='line_1_123' title="bbox 818 2644 1324 2685; baseline 0 -11"><span class='ocrx_word' id='word_1_492' title='bbox 818 2652 1059 2685; x_wconf 86' lang='lat' dir='ltr'>transgressores</span> <span class='ocrx_word' id='word_1_493' title='bbox 1245 2644 1324 2684; x_wconf 60' lang='lat' dir='ltr'><em>¹&lt;qu-</em></span> 
     </span>
     <span class='ocr_line' id='line_1_124' title="bbox 818 2689 1323 2729; baseline -0.002 -10"><span class='ocrx_word' id='word_1_494' title='bbox 818 2690 893 2719; x_wconf 87' lang='lat' dir='ltr'>turi.</span> <span class='ocrx_word' id='word_1_495' title='bbox 909 2689 1000 2719; x_wconf 91' lang='lat' dir='ltr'>Unde</span> <span class='ocrx_word' id='word_1_496' title='bbox 1016 2696 1172 2729; x_wconf 90' lang='lat' dir='ltr'>quantum</span> <span class='ocrx_word' id='word_1_497' title='bbox 1186 2689 1225 2718; x_wconf 89' lang='lat' dir='ltr'>ad</span> <span class='ocrx_word' id='word_1_498' title='bbox 1243 2689 1323 2719; x_wconf 86' lang='lat' dir='ltr'>¹⁷de-</span> 
     </span>
     <span class='ocr_line' id='line_1_125' title="bbox 818 2733 1323 2772; baseline -0.004 -8"><span class='ocrx_word' id='word_1_499' title='bbox 818 2734 1018 2764; x_wconf 85' lang='lat' dir='ltr'>cimationem</span> <span class='ocrx_word' id='word_1_500' title='bbox 1047 2733 1186 2763; x_wconf 83' lang='lat' dir='ltr'>decimae</span> <span class='ocrx_word' id='word_1_501' title='bbox 1216 2733 1323 2772; x_wconf 88' lang='lat' dir='ltr'>partis,</span> 
     </span>
     <span class='ocr_line' id='line_1_126' title="bbox 819 2777 1324 2808; baseline -0.002 0"><span class='ocrx_word' id='word_1_502' title='bbox 819 2785 883 2808; x_wconf 89' lang='lat' dir='ltr'>erat</span> <span class='ocrx_word' id='word_1_503' title='bbox 912 2777 1074 2808; x_wconf 88' lang='lat' dir='ltr'>iudiciale:</span> <span class='ocrx_word' id='word_1_504' title='bbox 1103 2777 1183 2807; x_wconf 90' lang='lat' dir='ltr'>sicut</span> <span class='ocrx_word' id='word_1_505' title='bbox 1211 2784 1241 2807; x_wconf 92' lang='lat' dir='ltr'>et</span> <span class='ocrx_word' id='word_1_506' title='bbox 1264 2778 1324 2807; x_wconf 91' lang='lat' dir='ltr'>alia</span> 
     </span>
     <span class='ocr_line' id='line_1_127' title="bbox 819 2821 1324 2861; baseline -0.002 -9"><span class='ocrx_word' id='word_1_507' title='bbox 819 2822 921 2852; x_wconf 85' lang='lat' dir='ltr'>multa</span> <span class='ocrx_word' id='word_1_508' title='bbox 944 2821 1117 2861; x_wconf 85' lang='lat' dir='ltr'>specialiter</span> <span class='ocrx_word' id='word_1_509' title='bbox 1141 2821 1174 2851; x_wconf 91' lang='lat' dir='ltr'>in</span> <span class='ocrx_word' id='word_1_510' title='bbox 1194 2821 1250 2851; x_wconf 91' lang='lat' dir='ltr'>illo</span> <span class='ocrx_word' id='word_1_511' title='bbox 1267 2831 1324 2861; x_wconf 92' lang='lat' dir='ltr'>po-</span> 
     </span>
     <span class='ocr_line' id='line_1_128' title="bbox 819 2865 1324 2906; baseline -0.002 -10"><span class='ocrx_word' id='word_1_512' title='bbox 819 2866 897 2906; x_wconf 92' lang='lat' dir='ltr'>pulo</span> <span class='ocrx_word' id='word_1_513' title='bbox 921 2866 1063 2896; x_wconf 86' lang='lat' dir='ltr'>instituta</span> <span class='ocrx_word' id='word_1_514' title='bbox 1094 2873 1182 2896; x_wconf 84' lang='lat' dir='ltr'>erant</span> <span class='ocrx_word' id='word_1_515' title='bbox 1203 2865 1243 2895; x_wconf 92' lang='lat' dir='ltr'>ad</span> <span class='ocrx_word' id='word_1_516' title='bbox 1273 2875 1324 2896; x_wconf 88' lang='lat' dir='ltr'>ae-</span> 
     </span>
     <span class='ocr_line' id='line_1_129' title="bbox 818 2909 1324 2951; baseline -0.004 -10"><span class='ocrx_word' id='word_1_517' title='bbox 818 2910 1003 2951; x_wconf 87' lang='lat' dir='ltr'>qualitatem</span> <span class='ocrx_word' id='word_1_518' title='bbox 1026 2910 1106 2940; x_wconf 90' lang='lat' dir='ltr'>inter</span> <span class='ocrx_word' id='word_1_519' title='bbox 1122 2909 1268 2939; x_wconf 89' lang='lat' dir='ltr'>homines</span> <span class='ocrx_word' id='word_1_520' title='bbox 1284 2909 1324 2939; x_wconf 87' lang='lat' dir='ltr'>ad</span> 
     </span>
     <span class='ocr_line' id='line_1_130' title="bbox 818 2954 1224 2985; baseline -0.005 0"><span class='ocrx_word' id='word_1_521' title='bbox 818 2954 951 2985; x_wconf 87' lang='lat' dir='ltr'>invicem</span> <span class='ocrx_word' id='word_1_522' title='bbox 977 2954 1224 2984; x_wconf 86' lang='lat' dir='ltr'>conservandam</span> 
     </span>
    </p>
   </div>
   <div class='ocr_carea' id='block_1_7' title="bbox 819 3134 1325 3567">
    <p class='ocr_par' dir='ltr' id='par_1_7' title="bbox 819 3134 1325 3567">
     <span class='ocr_line' id='line_1_131' title="bbox 1220 3134 1325 3158; baseline 0.01 -1"><span class='ocrx_word' id='word_1_523' title='bbox 1220 3134 1325 3158; x_wconf 89' lang='lat' dir='ltr'>carent</span> 
     </span>
     <span class='ocr_line' id='line_1_132' title="bbox 819 3171 1325 3208; baseline -0.004 -5"><span class='ocrx_word' id='word_1_524' title='bbox 819 3174 851 3203; x_wconf 92' lang='lat' dir='ltr'>in</span> <span class='ocrx_word' id='word_1_525' title='bbox 876 3173 1029 3208; x_wconf 90' lang='lat' dir='ltr'>futurum,</span> <span class='ocrx_word' id='word_1_526' title='bbox 1055 3171 1135 3202; x_wconf 91' lang='lat' dir='ltr'>sicut</span> <span class='ocrx_word' id='word_1_527' title='bbox 1158 3177 1189 3201; x_wconf 86' lang='lat' dir='ltr'>et</span> <span class='ocrx_word' id='word_1_528' title='bbox 1216 3171 1325 3201; x_wconf 89' lang='lat' dir='ltr'>omnia</span> 
     </span>
     <span class='ocr_line' id='line_1_133' title="bbox 822 3216 1323 3252; baseline 0 -7"><span class='ocrx_word' id='word_1_529' title='bbox 822 3218 987 3247; x_wconf 62' lang='lat' dir='ltr'>¹§aliorum</span> <span class='ocrx_word' id='word_1_530' title='bbox 1019 3216 1115 3252; x_wconf 83' lang='lat' dir='ltr'>facta,</span> <span class='ocrx_word' id='word_1_531' title='bbox 1146 3216 1323 3246; x_wconf 89' lang='lat' dir='ltr'>secundum</span> 
     </span>
     <span class='ocr_line' id='line_1_134' title="bbox 819 3259 1322 3292; baseline -0.004 -1"><span class='ocrx_word' id='word_1_532' title='bbox 819 3262 898 3292; x_wconf 90' lang='lat' dir='ltr'>illud</span> <span class='ocrx_word' id='word_1_533' title='bbox 915 3261 926 3291; x_wconf 90' lang='grc' dir='ltr'>Ι</span> <span class='ocrx_word' id='word_1_534' title='bbox 943 3261 981 3291; x_wconf 87' lang='lat' dir='ltr'>ad</span> <span class='ocrx_word' id='word_1_535' title='bbox 1005 3260 1080 3291; x_wconf 90' lang='lat' dir='ltr'>Cor.</span> <span class='ocrx_word' id='word_1_536' title='bbox 1098 3268 1132 3290; x_wconf 88' lang='lat' dir='ltr'>x:</span> <span class='ocrx_word' id='word_1_537' title='bbox 1157 3259 1275 3290; x_wconf 87' lang='lat' dir='ltr'>Omnia</span> <span class='ocrx_word' id='word_1_538' title='bbox 1291 3260 1322 3289; x_wconf 90' lang='lat' dir='ltr'>in</span> 
     </span>
     <span class='ocr_line' id='line_1_135' title="bbox 819 3303 1322 3345; baseline -0.004 -10"><span class='ocrx_word' id='word_1_539' title='bbox 819 3305 954 3345; x_wconf 83' lang='lat' dir='ltr'>figuram</span> <span class='ocrx_word' id='word_1_540' title='bbox 989 3304 1213 3343; x_wconf 88' lang='lat' dir='ltr'>contingebant</span> <span class='ocrx_word' id='word_1_541' title='bbox 1245 3303 1322 3340; x_wconf 87' lang='lat' dir='ltr'>illis;</span> 
     </span>
     <span class='ocr_line' id='line_1_136' title="bbox 819 3348 1324 3390; baseline -0.006 -10"><span class='ocrx_word' id='word_1_542' title='bbox 819 3350 851 3380; x_wconf 90' lang='lat' dir='ltr'>in</span> <span class='ocrx_word' id='word_1_543' title='bbox 886 3359 952 3390; x_wconf 92' lang='lat' dir='ltr'>quo</span> <span class='ocrx_word' id='word_1_544' title='bbox 988 3348 1215 3379; x_wconf 88' lang='lat' dir='ltr'>conveniebant</span> <span class='ocrx_word' id='word_1_545' title='bbox 1250 3357 1324 3378; x_wconf 91' lang='lat' dir='ltr'>cum</span> 
     </span>
     <span class='ocr_line' id='line_1_137' title="bbox 821 3392 1322 3432; baseline -0.004 -8"><span class='ocrx_word' id='word_1_546' title='bbox 821 3393 1100 3424; x_wconf 87' lang='lat' dir='ltr'>caeremonialibus</span> <span class='ocrx_word' id='word_1_547' title='bbox 1132 3392 1322 3432; x_wconf 86' lang='lat' dir='ltr'>praeceptis,</span> 
     </span>
     <span class='ocr_line' id='line_1_138' title="bbox 819 3436 1324 3479; baseline -0.004 -11"><span class='ocrx_word' id='word_1_548' title='bbox 819 3447 902 3479; x_wconf 89' lang='lat' dir='ltr'>quae</span> <span class='ocrx_word' id='word_1_549' title='bbox 937 3436 1150 3478; x_wconf 83' lang='lat' dir='ltr'>principaliter</span> <span class='ocrx_word' id='word_1_550' title='bbox 1183 3436 1324 3466; x_wconf 88' lang='lat' dir='ltr'>instituta</span> 
     </span>
     <span class='ocr_line' id='line_1_139' title="bbox 820 3479 1323 3521; baseline -0.006 -8"><span class='ocrx_word' id='word_1_551' title='bbox 820 3489 907 3513; x_wconf 89' lang='lat' dir='ltr'>erant</span> <span class='ocrx_word' id='word_1_552' title='bbox 930 3482 968 3512; x_wconf 87' lang='lat' dir='ltr'>ad</span> <span class='ocrx_word' id='word_1_553' title='bbox 999 3479 1239 3521; x_wconf 86' lang='lat' dir='ltr'>significandum</span> <span class='ocrx_word' id='word_1_554' title='bbox 1269 3480 1323 3510; x_wconf 85' lang='lat' dir='ltr'>ali-</span> 
     </span>
     <span class='ocr_line' id='line_1_140' title="bbox 819 3525 1324 3567; baseline -0.006 -10"><span class='ocrx_word' id='word_1_555' title='bbox 819 3527 897 3567; x_wconf 92' lang='lat' dir='ltr'>quid</span> <span class='ocrx_word' id='word_1_556' title='bbox 914 3525 1068 3556; x_wconf 88' lang='lat' dir='ltr'>futurum.</span> <span class='ocrx_word' id='word_1_557' title='bbox 1087 3525 1179 3556; x_wconf 92' lang='lat' dir='ltr'>Unde</span> <span class='ocrx_word' id='word_1_558' title='bbox 1194 3532 1224 3555; x_wconf 90' lang='lat' dir='ltr'>et</span> <span class='ocrx_word' id='word_1_559' title='bbox 1237 3534 1324 3564; x_wconf 87' lang='lat' dir='ltr'>prae-</span> 
     </span>
    </p>
   </div>
   <div class='ocr_carea' id='block_1_8' title="bbox 1431 354 1848 428">
    <p class='ocr_par' dir='ltr' id='par_1_8' title="bbox 1431 354 1848 428">
     <span class='ocr_line' id='line_1_141' title="bbox 1530 354 1750 384; baseline 0.005 -1"><span class='ocrx_word' id='word_1_560' title='bbox 1530 354 1648 384; x_wconf 74' lang='lat' dir='ltr'>Lacrio</span> <span class='ocrx_word' id='word_1_561' title='bbox 1672 356 1750 384; x_wconf 73' lang='lat' dir='ltr'>Ara.</span> 
     </span>
     <span class='ocr_line' id='line_1_142' title="bbox 1431 405 1848 428; baseline 0.007 -3"><span class='ocrx_word' id='word_1_562' title='bbox 1431 405 1566 427; x_wconf 76' lang='lat' dir='ltr'>msaaris</span> <span class='ocrx_word' id='word_1_563' title='bbox 1586 408 1848 428; x_wconf 72' lang='lat' dir='ltr'>coaaacrxomaus</span> 
     </span>
    </p>
   </div>
   <div class='ocr_carea' id='block_1_9' title="bbox 1382 486 1892 959">
    <p class='ocr_par' dir='ltr' id='par_1_9' title="bbox 1382 486 1892 959">
     <span class='ocr_line' id='line_1_143' title="bbox 1389 486 1892 557; baseline 0.008 -46"><span class='ocrx_word' id='word_1_564' title='bbox 1389 492 1605 557; x_wconf 69' lang='lat' dir='ltr'>Responnao</span> <span class='ocrx_word' id='word_1_565' title='bbox 1626 495 1782 515; x_wconf 67' lang='lat' dir='ltr'>nxcannum</span> <span class='ocrx_word' id='word_1_566' title='bbox 1802 486 1892 526; x_wconf 90' lang='lat' dir='ltr'>quod</span> 
     </span>
     <span class='ocr_line' id='line_1_144' title="bbox 1446 526 1890 569; baseline 0.011 -14"><span class='ocrx_word' id='word_1_567' title='bbox 1446 526 1584 556; x_wconf 89' lang='lat' dir='ltr'>decimae</span> <span class='ocrx_word' id='word_1_568' title='bbox 1624 527 1655 557; x_wconf 90' lang='lat' dir='ltr'>in</span> <span class='ocrx_word' id='word_1_569' title='bbox 1690 529 1785 559; x_wconf 89' lang='lat' dir='ltr'>veteri</span> <span class='ocrx_word' id='word_1_570' title='bbox 1822 530 1890 569; x_wconf 86' lang='lat' dir='ltr'>lege</span> 
     </span>
     <span class='ocr_line' id='line_1_145' title="bbox 1386 571 1891 603; baseline 0.01 -4"><span class='ocrx_word' id='word_1_571' title='bbox 1386 571 1542 600; x_wconf 88' lang='lat' dir='ltr'>dabantur</span> <span class='ocrx_word' id='word_1_572' title='bbox 1564 571 1604 600; x_wconf 91' lang='lat' dir='ltr'>ad</span> <span class='ocrx_word' id='word_1_573' title='bbox 1628 573 1891 603; x_wconf 85' lang='lat' dir='ltr'>sustentationem</span> 
     </span>
     <span class='ocr_line' id='line_1_146' title="bbox 1385 614 1890 647; baseline 0.008 -4"><span class='ocrx_word' id='word_1_574' title='bbox 1385 614 1605 644; x_wconf 89' lang='lat' dir='ltr'>ministrorum</span> <span class='ocrx_word' id='word_1_575' title='bbox 1629 615 1704 645; x_wconf 88' lang='lat' dir='ltr'>Dei:</span> <span class='ocrx_word' id='word_1_576' title='bbox 1737 617 1821 647; x_wconf 92' lang='lat' dir='ltr'>unde</span> <span class='ocrx_word' id='word_1_577' title='bbox 1845 618 1890 647; x_wconf 93' lang='lat' dir='ltr'>di-</span> 
     </span>
     <span class='ocr_line' id='line_1_147' title="bbox 1384 658 1892 701; baseline 0.01 -14"><span class='ocrx_word' id='word_1_578' title='bbox 1384 658 1465 688; x_wconf 92' lang='lat' dir='ltr'>citur</span> <span class='ocrx_word' id='word_1_579' title='bbox 1495 658 1631 688; x_wconf 86' lang='lat' dir='ltr'>Malach.</span> <span class='ocrx_word' id='word_1_580' title='bbox 1662 668 1709 688; x_wconf 86' lang='lat' dir='ltr'>m:</span> <span class='ocrx_word' id='word_1_581' title='bbox 1747 660 1892 701; x_wconf 86' lang='lat' dir='ltr'>¹Inferre</span> 
     </span>
     <span class='ocr_line' id='line_1_148' title="bbox 1384 702 1890 735; baseline 0.006 -3"><span class='ocrx_word' id='word_1_582' title='bbox 1384 712 1514 732; x_wconf 89' lang='lat' dir='ltr'>omnem</span> <span class='ocrx_word' id='word_1_583' title='bbox 1524 702 1769 733; x_wconf 87' lang='lat' dir='ltr'>decimationem</span> <span class='ocrx_word' id='word_1_584' title='bbox 1776 704 1808 734; x_wconf 93' lang='lat' dir='ltr'>in</span> <span class='ocrx_word' id='word_1_585' title='bbox 1818 704 1890 735; x_wconf 92' lang='lat' dir='ltr'>hor-</span> 
     </span>
     <span class='ocr_line' id='line_1_149' title="bbox 1383 746 1890 782; baseline 0.004 -6"><span class='ocrx_word' id='word_1_586' title='bbox 1383 757 1473 776; x_wconf 91' lang='lat' dir='ltr'>reum</span> <span class='ocrx_word' id='word_1_587' title='bbox 1497 756 1616 782; x_wconf 92' lang='lat' dir='ltr'>meum,</span> <span class='ocrx_word' id='word_1_588' title='bbox 1643 753 1677 776; x_wconf 93' lang='lat' dir='ltr'>ut</span> <span class='ocrx_word' id='word_1_589' title='bbox 1694 746 1732 777; x_wconf 91' lang='lat' dir='ltr'>sit</span> <span class='ocrx_word' id='word_1_590' title='bbox 1753 747 1841 778; x_wconf 91' lang='lat' dir='ltr'>cibus</span> <span class='ocrx_word' id='word_1_591' title='bbox 1857 748 1890 778; x_wconf 91' lang='lat' dir='ltr'>in</span> 
     </span>
     <span class='ocr_line' id='line_1_150' title="bbox 1383 790 1890 831; baseline 0.004 -11"><span class='ocrx_word' id='word_1_592' title='bbox 1383 791 1482 821; x_wconf 89' lang='lat' dir='ltr'>domo</span> <span class='ocrx_word' id='word_1_593' title='bbox 1518 800 1598 821; x_wconf 88' lang='lat' dir='ltr'>mea.</span> <span class='ocrx_word' id='word_1_594' title='bbox 1636 790 1727 820; x_wconf 92' lang='lat' dir='ltr'>Unde</span> <span class='ocrx_word' id='word_1_595' title='bbox 1765 801 1890 831; x_wconf 90' lang='lat' dir='ltr'>praece-</span> 
     </span>
     <span class='ocr_line' id='line_1_151' title="bbox 1382 834 1891 874; baseline 0 -9"><span class='ocrx_word' id='word_1_596' title='bbox 1382 841 1475 874; x_wconf 93' lang='lat' dir='ltr'>ptum</span> <span class='ocrx_word' id='word_1_597' title='bbox 1506 836 1544 864; x_wconf 92' lang='lat' dir='ltr'>de</span> <span class='ocrx_word' id='word_1_598' title='bbox 1576 834 1734 864; x_wconf 88' lang='lat' dir='ltr'>solutione</span> <span class='ocrx_word' id='word_1_599' title='bbox 1755 835 1891 866; x_wconf 91' lang='lat' dir='ltr'>decima-</span> 
     </span>
     <span class='ocr_line' id='line_1_152' title="bbox 1382 879 1890 919; baseline 0.002 -11"><span class='ocrx_word' id='word_1_600' title='bbox 1382 889 1454 909; x_wconf 91' lang='lat' dir='ltr'>rum</span> <span class='ocrx_word' id='word_1_601' title='bbox 1470 879 1582 919; x_wconf 89' lang='lat' dir='ltr'>partim</span> <span class='ocrx_word' id='word_1_602' title='bbox 1597 879 1727 919; x_wconf 91' lang='lat' dir='ltr'>quidem</span> <span class='ocrx_word' id='word_1_603' title='bbox 1741 886 1806 909; x_wconf 90' lang='lat' dir='ltr'>erat</span> <span class='ocrx_word' id='word_1_604' title='bbox 1821 890 1890 909; x_wconf 89' lang='lat' dir='ltr'>mo-</span> 
     </span>
     <span class='ocr_line' id='line_1_153' title="bbox 1382 923 1618 959; baseline 0 -6"><span class='ocrx_word' id='word_1_605' title='bbox 1382 923 1455 959; x_wconf 89' lang='lat' dir='ltr'>rale,</span> <span class='ocrx_word' id='word_1_606' title='bbox 1480 924 1618 953; x_wconf 89' lang='lat' dir='ltr'>inditum</span> 
     </span>
    </p>
   </div>
   <div class='ocr_carea' id='block_1_10' title="bbox 1375 1011 1890 3564">
    <p class='ocr_par' dir='ltr' id='par_1_10' title="bbox 1375 1011 1890 3564">
     <span class='ocr_line' id='line_1_154' title="bbox 1574 1011 1889 1042; baseline 0 -1"><span class='ocrx_word' id='word_1_607' title='bbox 1574 1021 1610 1041; x_wconf 85' lang='lat' dir='ltr'>ex</span> <span class='ocrx_word' id='word_1_608' title='bbox 1634 1011 1740 1040; x_wconf 89' lang='lat' dir='ltr'>divina</span> <span class='ocrx_word' id='word_1_609' title='bbox 1763 1011 1889 1042; x_wconf 92' lang='lat' dir='ltr'>institu-</span> 
     </span>
     <span class='ocr_line' id='line_1_155' title="bbox 1381 1054 1889 1092; baseline 0.004 -8"><span class='ocrx_word' id='word_1_610' title='bbox 1381 1054 1468 1085; x_wconf 91' lang='lat' dir='ltr'>tione</span> <span class='ocrx_word' id='word_1_611' title='bbox 1500 1055 1597 1086; x_wconf 87' lang='lat' dir='ltr'>robur</span> <span class='ocrx_word' id='word_1_612' title='bbox 1629 1055 1757 1086; x_wconf 89' lang='lat' dir='ltr'>habens.</span> <span class='ocrx_word' id='word_1_613' title='bbox 1790 1055 1889 1092; x_wconf 86' lang='lat' dir='ltr'>Quod</span> 
     </span>
     <span class='ocr_line' id='line_1_156' title="bbox 1381 1099 1890 1139; baseline 0.004 -11"><span class='ocrx_word' id='word_1_614' title='bbox 1381 1099 1466 1129; x_wconf 89' lang='lat' dir='ltr'>enim</span> <span class='ocrx_word' id='word_1_615' title='bbox 1496 1099 1543 1129; x_wconf 90' lang='lat' dir='ltr'>his</span> <span class='ocrx_word' id='word_1_616' title='bbox 1571 1099 1626 1139; x_wconf 92' lang='lat' dir='ltr'>qui</span> <span class='ocrx_word' id='word_1_617' title='bbox 1650 1099 1758 1129; x_wconf 92' lang='lat' dir='ltr'>divino</span> <span class='ocrx_word' id='word_1_618' title='bbox 1790 1100 1890 1130; x_wconf 91' lang='lat' dir='ltr'>cultui</span> 
     </span>
     <span class='ocr_line' id='line_1_157' title="bbox 1382 1143 1888 1183; baseline 0.002 -10"><span class='ocrx_word' id='word_1_619' title='bbox 1382 1143 1601 1173; x_wconf 86' lang='lat' dir='ltr'>ministrabant</span> <span class='ocrx_word' id='word_1_620' title='bbox 1624 1144 1663 1173; x_wconf 89' lang='lat' dir='ltr'>ad</span> <span class='ocrx_word' id='word_1_621' title='bbox 1679 1143 1814 1174; x_wconf 89' lang='lat' dir='ltr'>salutem</span> <span class='ocrx_word' id='word_1_622' title='bbox 1830 1154 1888 1183; x_wconf 92' lang='lat' dir='ltr'>po-</span> 
     </span>
     <span class='ocr_line' id='line_1_158' title="bbox 1381 1186 1888 1228; baseline 0.002 -11"><span class='ocrx_word' id='word_1_623' title='bbox 1381 1187 1449 1227; x_wconf 90' lang='lat' dir='ltr'>puli</span> <span class='ocrx_word' id='word_1_624' title='bbox 1473 1187 1581 1224; x_wconf 88' lang='lat' dir='ltr'>totius,</span> <span class='ocrx_word' id='word_1_625' title='bbox 1606 1186 1757 1228; x_wconf 78' lang='lat' dir='ltr'>³populus</span> <span class='ocrx_word' id='word_1_626' title='bbox 1781 1198 1888 1219; x_wconf 89' lang='lat' dir='ltr'>neces-</span> 
     </span>
     <span class='ocr_line' id='line_1_159' title="bbox 1381 1231 1887 1268; baseline 0.002 -7"><span class='ocrx_word' id='word_1_627' title='bbox 1381 1231 1459 1261; x_wconf 87' lang='lat' dir='ltr'>saria</span> <span class='ocrx_word' id='word_1_628' title='bbox 1477 1232 1591 1262; x_wconf 85' lang='lat' dir='ltr'>4victui</span> <span class='ocrx_word' id='word_1_629' title='bbox 1606 1231 1804 1268; x_wconf 86' lang='lat' dir='ltr'>ministraret,</span> <span class='ocrx_word' id='word_1_630' title='bbox 1817 1231 1887 1263; x_wconf 84' lang='lat' dir='ltr'>⁵na-</span> 
     </span>
     <span class='ocr_line' id='line_1_160' title="bbox 1381 1275 1888 1316; baseline 0.004 -11"><span class='ocrx_word' id='word_1_631' title='bbox 1381 1276 1498 1305; x_wconf 84' lang='lat' dir='ltr'>turalis</span> <span class='ocrx_word' id='word_1_632' title='bbox 1516 1276 1601 1305; x_wconf 90' lang='lat' dir='ltr'>ratio</span> <span class='ocrx_word' id='word_1_633' title='bbox 1620 1275 1728 1305; x_wconf 83' lang='lat' dir='ltr'>dictat:</span> <span class='ocrx_word' id='word_1_634' title='bbox 1754 1275 1835 1316; x_wconf 85' lang='lat' dir='ltr'>sicut</span> <span class='ocrx_word' id='word_1_635' title='bbox 1857 1284 1888 1307; x_wconf 91' lang='lat' dir='ltr'>et</span> 
     </span>
     <span class='ocr_line' id='line_1_161' title="bbox 1379 1318 1886 1358; baseline 0.006 -11"><span class='ocrx_word' id='word_1_636' title='bbox 1379 1318 1428 1348; x_wconf 90' lang='lat' dir='ltr'>his</span> <span class='ocrx_word' id='word_1_637' title='bbox 1445 1318 1500 1358; x_wconf 93' lang='lat' dir='ltr'>qui</span> <span class='ocrx_word' id='word_1_638' title='bbox 1518 1319 1684 1349; x_wconf 86' lang='lat' dir='ltr'>communi</span> <span class='ocrx_word' id='word_1_639' title='bbox 1700 1318 1826 1350; x_wconf 89' lang='lat' dir='ltr'>utilitati</span> <span class='ocrx_word' id='word_1_640' title='bbox 1839 1319 1886 1350; x_wconf 88' lang='lat' dir='ltr'>in—</span> 
     </span>
     <span class='ocr_line' id='line_1_162' title="bbox 1380 1362 1887 1403; baseline 0.004 -11"><span class='ocrx_word' id='word_1_641' title='bbox 1380 1362 1526 1402; x_wconf 87' lang='lat' dir='ltr'>vigilant,</span> <span class='ocrx_word' id='word_1_642' title='bbox 1551 1362 1668 1393; x_wconf 90' lang='lat' dir='ltr'>scilicet</span> <span class='ocrx_word' id='word_1_643' title='bbox 1691 1362 1887 1403; x_wconf 89' lang='lat' dir='ltr'>principibus</span> 
     </span>
     <span class='ocr_line' id='line_1_163' title="bbox 1380 1405 1887 1437; baseline 0.002 -1"><span class='ocrx_word' id='word_1_644' title='bbox 1380 1413 1410 1436; x_wconf 92' lang='lat' dir='ltr'>et</span> <span class='ocrx_word' id='word_1_645' title='bbox 1438 1405 1591 1436; x_wconf 88' lang='lat' dir='ltr'>militibus</span> <span class='ocrx_word' id='word_1_646' title='bbox 1620 1414 1650 1437; x_wconf 92' lang='lat' dir='ltr'>et</span> <span class='ocrx_word' id='word_1_647' title='bbox 1680 1406 1748 1437; x_wconf 90' lang='lat' dir='ltr'>aliis</span> <span class='ocrx_word' id='word_1_648' title='bbox 1778 1407 1887 1437; x_wconf 91' lang='lat' dir='ltr'>huius-</span> 
     </span>
     <span class='ocr_line' id='line_1_164' title="bbox 1380 1450 1886 1490; baseline 0.004 -10"><span class='ocrx_word' id='word_1_649' title='bbox 1380 1450 1478 1486; x_wconf 88' lang='lat' dir='ltr'>modi,</span> <span class='ocrx_word' id='word_1_650' title='bbox 1503 1450 1659 1490; x_wconf 87' lang='lat' dir='ltr'>stipendia</span> <span class='ocrx_word' id='word_1_651' title='bbox 1834 1452 1886 1482; x_wconf 91' lang='lat' dir='ltr'>de·</span> 
     </span>
     <span class='ocr_line' id='line_1_165' title="bbox 1379 1495 1885 1528; baseline 0.006 -4"><span class='ocrx_word' id='word_1_652' title='bbox 1379 1495 1493 1525; x_wconf 89' lang='lat' dir='ltr'>bentur</span> <span class='ocrx_word' id='word_1_653' title='bbox 1739 1495 1831 1526; x_wconf 90' lang='lat' dir='ltr'>Unde</span> <span class='ocrx_word' id='word_1_654' title='bbox 1855 1503 1885 1528; x_wconf 92' lang='lat' dir='ltr'>et</span> 
     </span>
     <span class='ocr_line' id='line_1_166' title="bbox 1379 1538 1886 1579; baseline 0.004 -11"><span class='ocrx_word' id='word_1_655' title='bbox 1379 1538 1556 1578; x_wconf 88' lang='lat' dir='ltr'>Apostolus</span> <span class='ocrx_word' id='word_1_656' title='bbox 1572 1538 1646 1569; x_wconf 78' lang='lat' dir='ltr'>⁸hoc</span> <span class='ocrx_word' id='word_1_657' title='bbox 1661 1539 1785 1579; x_wconf 86' lang='lat' dir='ltr'>probat,</span> <span class='ocrx_word' id='word_1_658' title='bbox 1811 1540 1821 1569; x_wconf 95' lang='lat'>1</span> <span class='ocrx_word' id='word_1_659' title='bbox 1846 1540 1886 1570; x_wconf 91' lang='lat' dir='ltr'>ad</span> 
     </span>
     <span class='ocr_line' id='line_1_167' title="bbox 1380 1582 1885 1622; baseline 0.002 -9"><span class='ocrx_word' id='word_1_660' title='bbox 1380 1582 1455 1614; x_wconf 88' lang='lat' dir='ltr'>Cor.</span> <span class='ocrx_word' id='word_1_661' title='bbox 1477 1593 1517 1619; x_wconf 80' lang='lat' dir='ltr'>nt,</span> <span class='ocrx_word' id='word_1_662' title='bbox 1535 1592 1591 1622; x_wconf 92' lang='lat' dir='ltr'>per</span> <span class='ocrx_word' id='word_1_663' title='bbox 1613 1583 1788 1614; x_wconf 83' lang='lat' dir='ltr'>9humanas</span> <span class='ocrx_word' id='word_1_664' title='bbox 1811 1593 1885 1614; x_wconf 90' lang='lat' dir='ltr'>con-</span> 
     </span>
     <span class='ocr_line' id='line_1_168' title="bbox 1380 1626 1887 1665; baseline 0.004 -8"><span class='ocrx_word' id='word_1_665' title='bbox 1380 1627 1584 1663; x_wconf 83' lang='lat' dir='ltr'>suetudines,</span> <span class='ocrx_word' id='word_1_666' title='bbox 1620 1626 1748 1657; x_wconf 89' lang='lat' dir='ltr'>dicens:</span> <span class='ocrx_word' id='word_1_667' title='bbox 1790 1628 1887 1665; x_wconf 81' lang='lat' dir='ltr'>¹0Qui</span> 
     </span>
     <span class='ocr_line' id='line_1_169' title="bbox 1379 1671 1884 1711; baseline 0.004 -10"><span class='ocrx_word' id='word_1_668' title='bbox 1379 1671 1493 1702; x_wconf 89' lang='lat' dir='ltr'>militat</span> <span class='ocrx_word' id='word_1_669' title='bbox 1516 1671 1580 1701; x_wconf 90' lang='lat' dir='ltr'>suis</span> <span class='ocrx_word' id='word_1_670' title='bbox 1609 1671 1800 1711; x_wconf 77' lang='lat' dir='ltr'>¹¹.s·tipend1&#39;i.‹›·</span> <span class='ocrx_word' id='word_1_671' title='bbox 1826 1682 1884 1703; x_wconf 92' lang='lat' dir='ltr'>un-</span> 
     </span>
     <span class='ocr_line' id='line_1_170' title="bbox 1379 1713 1885 1756; baseline 0.004 -11"><span class='ocrx_word' id='word_1_672' title='bbox 1379 1713 1490 1756; x_wconf 84' lang='lat' dir='ltr'>quam?</span> <span class='ocrx_word' id='word_1_673' title='bbox 1514 1715 1594 1752; x_wconf 89' lang='lat' dir='ltr'>Quis</span> <span class='ocrx_word' id='word_1_674' title='bbox 1619 1715 1739 1754; x_wconf 89' lang='lat' dir='ltr'>plantat</span> <span class='ocrx_word' id='word_1_675' title='bbox 1759 1715 1885 1747; x_wconf 89' lang='lat' dir='ltr'>vineam</span> 
     </span>
     <span class='ocr_line' id='line_1_171' title="bbox 1379 1758 1886 1791; baseline 0.002 -1"><span class='ocrx_word' id='word_1_676' title='bbox 1379 1767 1409 1790; x_wconf 91' lang='lat' dir='ltr'>et</span> <span class='ocrx_word' id='word_1_677' title='bbox 1421 1760 1460 1791; x_wconf 94' lang='lat' dir='ltr'>de</span> <span class='ocrx_word' id='word_1_678' title='bbox 1473 1759 1626 1790; x_wconf 90' lang='lat' dir='ltr'>fructibus</span> <span class='ocrx_word' id='word_1_679' title='bbox 1642 1759 1710 1789; x_wconf 90' lang='lat' dir='ltr'>eius</span> <span class='ocrx_word' id='word_1_680' title='bbox 1727 1769 1791 1790; x_wconf 91' lang='lat' dir='ltr'>non</span> <span class='ocrx_word' id='word_1_681' title='bbox 1809 1758 1886 1791; x_wconf 86' lang='lat' dir='ltr'>edit?</span> 
     </span>
     <span class='ocr_line' id='line_1_172' title="bbox 1379 1804 1885 1844; baseline 0.002 -10"><span class='ocrx_word' id='word_1_682' title='bbox 1379 1804 1440 1835; x_wconf 92' lang='lat' dir='ltr'>Sed</span> <span class='ocrx_word' id='word_1_683' title='bbox 1465 1804 1662 1835; x_wconf 78' lang='lat' dir='ltr'>¹²decimatio</span> <span class='ocrx_word' id='word_1_684' title='bbox 1692 1811 1792 1834; x_wconf 88' lang='lat' dir='ltr'>certae</span> <span class='ocrx_word' id='word_1_685' title='bbox 1814 1815 1885 1844; x_wconf 86' lang='lat' dir='ltr'>par-</span> 
     </span>
     <span class='ocr_line' id='line_1_173' title="bbox 1378 1847 1885 1879; baseline 0 -1"><span class='ocrx_word' id='word_1_686' title='bbox 1378 1848 1417 1878; x_wconf 88' lang='lat' dir='ltr'>tis</span> <span class='ocrx_word' id='word_1_687' title='bbox 1442 1848 1634 1879; x_wconf 87' lang='lat' dir='ltr'>exhibendae</span> <span class='ocrx_word' id='word_1_688' title='bbox 1665 1847 1815 1878; x_wconf 88' lang='lat' dir='ltr'>ministris</span> <span class='ocrx_word' id='word_1_689' title='bbox 1839 1848 1885 1878; x_wconf 92' lang='lat' dir='ltr'>di-</span> 
     </span>
     <span class='ocr_line' id='line_1_174' title="bbox 1377 1892 1884 1923; baseline 0.002 -1"><span class='ocrx_word' id='word_1_690' title='bbox 1377 1893 1443 1922; x_wconf 91' lang='lat' dir='ltr'>vini</span> <span class='ocrx_word' id='word_1_691' title='bbox 1468 1892 1571 1923; x_wconf 93' lang='lat' dir='ltr'>cultus</span> <span class='ocrx_word' id='word_1_692' title='bbox 1595 1902 1661 1922; x_wconf 91' lang='lat' dir='ltr'>non</span> <span class='ocrx_word' id='word_1_693' title='bbox 1686 1898 1732 1922; x_wconf 90' lang='lat' dir='ltr'>est</span> <span class='ocrx_word' id='word_1_694' title='bbox 1755 1892 1794 1922; x_wconf 92' lang='lat' dir='ltr'>de</span> <span class='ocrx_word' id='word_1_695' title='bbox 1817 1892 1884 1923; x_wconf 90' lang='lat' dir='ltr'>iure</span> 
     </span>
     <span class='ocr_line' id='line_1_175' title="bbox 1378 1936 1885 1972; baseline 0 -5"><span class='ocrx_word' id='word_1_696' title='bbox 1378 1936 1526 1972; x_wconf 83' lang='lat' dir='ltr'>naturali,</span> <span class='ocrx_word' id='word_1_697' title='bbox 1552 1936 1607 1966; x_wconf 93' lang='lat' dir='ltr'>sed</span> <span class='ocrx_word' id='word_1_698' title='bbox 1630 1943 1676 1966; x_wconf 91' lang='lat' dir='ltr'>est</span> <span class='ocrx_word' id='word_1_699' title='bbox 1705 1936 1885 1968; x_wconf 86' lang='lat' dir='ltr'>introducta</span> 
     </span>
     <span class='ocr_line' id='line_1_176' title="bbox 1377 1979 1884 2012; baseline 0.002 -1"><span class='ocrx_word' id='word_1_700' title='bbox 1377 1981 1577 2012; x_wconf 89' lang='lat' dir='ltr'>institutione</span> <span class='ocrx_word' id='word_1_701' title='bbox 1608 1979 1715 2010; x_wconf 88' lang='lat' dir='ltr'>divina</span> <span class='ocrx_word' id='word_1_702' title='bbox 1746 1979 1884 2012; x_wconf 84' lang='lat' dir='ltr'>¹³secun-</span> 
     </span>
     <span class='ocr_line' id='line_1_177' title="bbox 1377 2024 1884 2065; baseline -0.004 -9"><span class='ocrx_word' id='word_1_703' title='bbox 1377 2025 1453 2056; x_wconf 86' lang='lat' dir='ltr'>dum</span> <span class='ocrx_word' id='word_1_704' title='bbox 1479 2024 1696 2055; x_wconf 89' lang='lat' dir='ltr'>conditionem</span> <span class='ocrx_word' id='word_1_705' title='bbox 1719 2024 1803 2055; x_wconf 89' lang='lat' dir='ltr'>illius</span> <span class='ocrx_word' id='word_1_706' title='bbox 1827 2035 1884 2065; x_wconf 93' lang='lat' dir='ltr'>po—</span> 
     </span>
     <span class='ocr_line' id='line_1_178' title="bbox 1378 2069 1886 2110; baseline 0.002 -11"><span class='ocrx_word' id='word_1_707' title='bbox 1378 2070 1444 2109; x_wconf 91' lang='lat' dir='ltr'>puli</span> <span class='ocrx_word' id='word_1_708' title='bbox 1469 2069 1519 2099; x_wconf 92' lang='lat' dir='ltr'>cui</span> <span class='ocrx_word' id='word_1_709' title='bbox 1543 2069 1592 2099; x_wconf 86' lang='lat' dir='ltr'>lex</span> <span class='ocrx_word' id='word_1_710' title='bbox 1620 2069 1770 2105; x_wconf 88' lang='lat' dir='ltr'>dabatur;</span> <span class='ocrx_word' id='word_1_711' title='bbox 1804 2071 1886 2110; x_wconf 75' lang='lat' dir='ltr'>¹4qui</span> 
     </span>
     <span class='ocr_line' id='line_1_179' title="bbox 1377 2113 1884 2145; baseline 0 -1"><span class='ocrx_word' id='word_1_712' title='bbox 1377 2124 1448 2145; x_wconf 88' lang='lat' dir='ltr'>cum</span> <span class='ocrx_word' id='word_1_713' title='bbox 1469 2115 1501 2144; x_wconf 90' lang='lat' dir='ltr'>in</span> <span class='ocrx_word' id='word_1_714' title='bbox 1526 2113 1698 2144; x_wconf 87' lang='lat' dir='ltr'>duodecim</span> <span class='ocrx_word' id='word_1_715' title='bbox 1714 2113 1813 2143; x_wconf 91' lang='lat' dir='ltr'>tribus</span> <span class='ocrx_word' id='word_1_716' title='bbox 1837 2123 1884 2144; x_wconf 92' lang='lat' dir='ltr'>es-</span> 
     </span>
     <span class='ocr_line' id='line_1_180' title="bbox 1378 2157 1884 2193; baseline 0 -5"><span class='ocrx_word' id='word_1_717' title='bbox 1378 2165 1424 2189; x_wconf 89' lang='lat' dir='ltr'>set</span> <span class='ocrx_word' id='word_1_718' title='bbox 1447 2157 1582 2193; x_wconf 89' lang='lat' dir='ltr'>divisus,</span> <span class='ocrx_word' id='word_1_719' title='bbox 1615 2157 1805 2187; x_wconf 90' lang='lat' dir='ltr'>duodecima</span> <span class='ocrx_word' id='word_1_720' title='bbox 1833 2158 1884 2188; x_wconf 90' lang='lat' dir='ltr'>tri-</span> 
     </span>
     <span class='ocr_line' id='line_1_181' title="bbox 1377 2201 1884 2241; baseline -0.002 -8"><span class='ocrx_word' id='word_1_721' title='bbox 1377 2203 1453 2238; x_wconf 86' lang='lat' dir='ltr'>bus,</span> <span class='ocrx_word' id='word_1_722' title='bbox 1478 2201 1596 2232; x_wconf 85' lang='lat' dir='ltr'>scilicet</span> <span class='ocrx_word' id='word_1_723' title='bbox 1623 2201 1777 2237; x_wconf 90' lang='lat' dir='ltr'>Levitica,</span> <span class='ocrx_word' id='word_1_724' title='bbox 1802 2211 1884 2241; x_wconf 90' lang='lat' dir='ltr'>quae</span> 
     </span>
     <span class='ocr_line' id='line_1_182' title="bbox 1377 2245 1884 2277; baseline -0.002 0"><span class='ocrx_word' id='word_1_725' title='bbox 1377 2253 1443 2277; x_wconf 90' lang='lat' dir='ltr'>tota</span> <span class='ocrx_word' id='word_1_726' title='bbox 1467 2253 1532 2276; x_wconf 89' lang='lat' dir='ltr'>erat</span> <span class='ocrx_word' id='word_1_727' title='bbox 1562 2245 1674 2275; x_wconf 89' lang='lat' dir='ltr'>divinis</span> <span class='ocrx_word' id='word_1_728' title='bbox 1705 2245 1884 2276; x_wconf 89' lang='lat' dir='ltr'>ministeriis</span> 
     </span>
     <span class='ocr_line' id='line_1_183' title="bbox 1377 2289 1884 2330; baseline -0.004 -9"><span class='ocrx_word' id='word_1_729' title='bbox 1377 2290 1565 2330; x_wconf 87' lang='lat' dir='ltr'>mancipata,</span> <span class='ocrx_word' id='word_1_730' title='bbox 1581 2289 1798 2329; x_wconf 91' lang='lat' dir='ltr'>possessiones</span> <span class='ocrx_word' id='word_1_731' title='bbox 1818 2300 1884 2320; x_wconf 90' lang='lat' dir='ltr'>non</span> 
     </span>
     <span class='ocr_line' id='line_1_184' title="bbox 1376 2333 1884 2365; baseline -0.002 0"><span class='ocrx_word' id='word_1_732' title='bbox 1376 2335 1529 2365; x_wconf 86' lang='lat' dir='ltr'>habebat:</span> <span class='ocrx_word' id='word_1_733' title='bbox 1555 2335 1640 2364; x_wconf 90' lang='lat' dir='ltr'>unde</span> <span class='ocrx_word' id='word_1_734' title='bbox 1660 2333 1884 2364; x_wconf 90' lang='lat' dir='ltr'>convenienter</span> 
     </span>
     <span class='ocr_line' id='line_1_185' title="bbox 1376 2377 1885 2418; baseline -0.004 -9"><span class='ocrx_word' id='word_1_735' title='bbox 1376 2378 1558 2409; x_wconf 89' lang='lat' dir='ltr'>institutum</span> <span class='ocrx_word' id='word_1_736' title='bbox 1589 2384 1635 2408; x_wconf 91' lang='lat' dir='ltr'>est</span> <span class='ocrx_word' id='word_1_737' title='bbox 1669 2384 1706 2407; x_wconf 90' lang='lat' dir='ltr'>ut</span> <span class='ocrx_word' id='word_1_738' title='bbox 1741 2377 1885 2418; x_wconf 82' lang='lat' dir='ltr'>¹⁵reliqui</span> 
     </span>
     <span class='ocr_line' id='line_1_186' title="bbox 1377 2421 1882 2462; baseline -0.004 -10"><span class='ocrx_word' id='word_1_739' title='bbox 1377 2422 1526 2453; x_wconf 90' lang='lat' dir='ltr'>undecim</span> <span class='ocrx_word' id='word_1_740' title='bbox 1535 2421 1634 2451; x_wconf 91' lang='lat' dir='ltr'>tribus</span> <span class='ocrx_word' id='word_1_741' title='bbox 1643 2421 1799 2451; x_wconf 88' lang='lat' dir='ltr'>decimam</span> <span class='ocrx_word' id='word_1_742' title='bbox 1814 2431 1882 2462; x_wconf 86' lang='lat' dir='ltr'>par-</span> 
     </span>
     <span class='ocr_line' id='line_1_187' title="bbox 1377 2466 1883 2505; baseline -0.004 -8"><span class='ocrx_word' id='word_1_743' title='bbox 1377 2474 1442 2497; x_wconf 91' lang='lat' dir='ltr'>tem</span> <span class='ocrx_word' id='word_1_744' title='bbox 1451 2475 1585 2496; x_wconf 89' lang='lat' dir='ltr'>suorum</span> <span class='ocrx_word' id='word_1_745' title='bbox 1596 2472 1812 2505; x_wconf 89' lang='lat' dir='ltr'>proventuum</span> <span class='ocrx_word' id='word_1_746' title='bbox 1826 2466 1883 2496; x_wconf 92' lang='lat' dir='ltr'>Le-</span> 
     </span>
     <span class='ocr_line' id='line_1_188' title="bbox 1377 2509 1884 2546; baseline -0.004 -5"><span class='ocrx_word' id='word_1_747' title='bbox 1377 2510 1476 2541; x_wconf 89' lang='lat' dir='ltr'>viticis</span> <span class='ocrx_word' id='word_1_748' title='bbox 1504 2511 1631 2546; x_wconf 88' lang='lat' dir='ltr'>darent,</span> <span class='ocrx_word' id='word_1_749' title='bbox 1657 2516 1692 2540; x_wconf 87' lang='lat' dir='ltr'>ut</span> <span class='ocrx_word' id='word_1_750' title='bbox 1715 2509 1884 2539; x_wconf 88' lang='lat' dir='ltr'>honorabi-</span> 
     </span>
     <span class='ocr_line' id='line_1_189' title="bbox 1375 2553 1884 2594; baseline -0.002 -9"><span class='ocrx_word' id='word_1_751' title='bbox 1375 2555 1437 2585; x_wconf 87' lang='lat' dir='ltr'>lius</span> <span class='ocrx_word' id='word_1_752' title='bbox 1461 2554 1616 2590; x_wconf 89' lang='lat' dir='ltr'>viverent,</span> <span class='ocrx_word' id='word_1_753' title='bbox 1637 2561 1668 2583; x_wconf 91' lang='lat' dir='ltr'>et</span> <span class='ocrx_word' id='word_1_754' title='bbox 1690 2553 1765 2594; x_wconf 83' lang='lat' dir='ltr'>quia</span> <span class='ocrx_word' id='word_1_755' title='bbox 1789 2554 1884 2584; x_wconf 86' lang='lat' dir='ltr'>etiam</span> 
     </span>
     <span class='ocr_line' id='line_1_190' title="bbox 1377 2598 1884 2639; baseline 0 -10"><span class='ocrx_word' id='word_1_756' title='bbox 1377 2599 1476 2639; x_wconf 88' lang='lat' dir='ltr'>aliqui</span> <span class='ocrx_word' id='word_1_757' title='bbox 1488 2608 1543 2638; x_wconf 90' lang='lat' dir='ltr'>per</span> <span class='ocrx_word' id='word_1_758' title='bbox 1560 2598 1783 2638; x_wconf 87' lang='lat' dir='ltr'>negligentiam</span> <span class='ocrx_word' id='word_1_759' title='bbox 1797 2605 1884 2629; x_wconf 88' lang='lat' dir='ltr'>erant</span> 
     </span>
     <span class='ocr_line' id='line_1_191' title="bbox 1378 2641 1885 2683; baseline -0.004 -9"><span class='ocrx_word' id='word_1_760' title='bbox 1378 2645 1621 2682; x_wconf 75' lang='lat' dir='ltr'>transgressores</span> <span class='ocrx_word' id='word_1_761' title='bbox 1645 2641 1756 2682; x_wconf 82' lang='lat' dir='ltr'>¹⁶furti</span> <span class='ocrx_word' id='word_1_762' title='bbox 1771 2642 1821 2673; x_wconf 81' lang='lat' dir='ltr'>vel</span> <span class='ocrx_word' id='word_1_763' title='bbox 1826 2641 1885 2683; x_wconf 89' lang='lat' dir='ltr'>fu—</span> 
     </span>
     <span class='ocr_line' id='line_1_192' title="bbox 1378 2686 1884 2726; baseline -0.004 -8"><span class='ocrx_word' id='word_1_764' title='bbox 1378 2688 1453 2718; x_wconf 82' lang='lat' dir='ltr'>turi.</span> <span class='ocrx_word' id='word_1_765' title='bbox 1470 2687 1564 2717; x_wconf 91' lang='lat' dir='ltr'>Unde</span> <span class='ocrx_word' id='word_1_766' title='bbox 1577 2693 1734 2726; x_wconf 89' lang='lat' dir='ltr'>quantum</span> <span class='ocrx_word' id='word_1_767' title='bbox 1747 2687 1785 2716; x_wconf 92' lang='lat' dir='ltr'>ad</span> <span class='ocrx_word' id='word_1_768' title='bbox 1803 2686 1884 2717; x_wconf 72' lang='lat' dir='ltr'>wde-</span> 
     </span>
     <span class='ocr_line' id='line_1_193' title="bbox 1377 2730 1883 2771; baseline -0.004 -9"><span class='ocrx_word' id='word_1_769' title='bbox 1377 2732 1577 2762; x_wconf 82' lang='lat' dir='ltr'>cimationem</span> <span class='ocrx_word' id='word_1_770' title='bbox 1607 2730 1746 2761; x_wconf 89' lang='lat' dir='ltr'>decimae</span> <span class='ocrx_word' id='word_1_771' title='bbox 1777 2730 1883 2771; x_wconf 87' lang='lat' dir='ltr'>partis,</span> 
     </span>
     <span class='ocr_line' id='line_1_194' title="bbox 1378 2774 1884 2806; baseline -0.004 0"><span class='ocrx_word' id='word_1_772' title='bbox 1378 2782 1443 2806; x_wconf 90' lang='lat' dir='ltr'>erat</span> <span class='ocrx_word' id='word_1_773' title='bbox 1473 2774 1632 2805; x_wconf 89' lang='lat' dir='ltr'>iudiciale:</span> <span class='ocrx_word' id='word_1_774' title='bbox 1667 2774 1748 2805; x_wconf 91' lang='lat' dir='ltr'>sicut</span> <span class='ocrx_word' id='word_1_775' title='bbox 1772 2782 1801 2805; x_wconf 94' lang='lat' dir='ltr'>et</span> <span class='ocrx_word' id='word_1_776' title='bbox 1825 2774 1884 2804; x_wconf 88' lang='lat' dir='ltr'>alia</span> 
     </span>
     <span class='ocr_line' id='line_1_195' title="bbox 1378 2818 1884 2859; baseline -0.004 -9"><span class='ocrx_word' id='word_1_777' title='bbox 1378 2819 1479 2850; x_wconf 90' lang='lat' dir='ltr'>multa</span> <span class='ocrx_word' id='word_1_778' title='bbox 1502 2818 1676 2859; x_wconf 90' lang='lat' dir='ltr'>specialiter</span> <span class='ocrx_word' id='word_1_779' title='bbox 1699 2818 1731 2848; x_wconf 89' lang='lat' dir='ltr'>in</span> <span class='ocrx_word' id='word_1_780' title='bbox 1746 2818 1802 2848; x_wconf 89' lang='lat' dir='ltr'>illo</span> <span class='ocrx_word' id='word_1_781' title='bbox 1827 2828 1884 2859; x_wconf 90' lang='lat' dir='ltr'>po-</span> 
     </span>
     <span class='ocr_line' id='line_1_196' title="bbox 1378 2863 1884 2904; baseline -0.002 -10"><span class='ocrx_word' id='word_1_782' title='bbox 1378 2864 1457 2904; x_wconf 93' lang='lat' dir='ltr'>pulo</span> <span class='ocrx_word' id='word_1_783' title='bbox 1481 2863 1623 2894; x_wconf 87' lang='lat' dir='ltr'>instituta</span> <span class='ocrx_word' id='word_1_784' title='bbox 1653 2869 1741 2893; x_wconf 88' lang='lat' dir='ltr'>erant</span> <span class='ocrx_word' id='word_1_785' title='bbox 1764 2863 1803 2893; x_wconf 91' lang='lat' dir='ltr'>ad</span> <span class='ocrx_word' id='word_1_786' title='bbox 1834 2872 1884 2893; x_wconf 88' lang='lat' dir='ltr'>ae-</span> 
     </span>
     <span class='ocr_line' id='line_1_197' title="bbox 1377 2906 1884 2949; baseline -0.006 -10"><span class='ocrx_word' id='word_1_787' title='bbox 1377 2908 1561 2949; x_wconf 87' lang='lat' dir='ltr'>qualitatem</span> <span class='ocrx_word' id='word_1_788' title='bbox 1578 2907 1658 2937; x_wconf 91' lang='lat' dir='ltr'>inter</span> <span class='ocrx_word' id='word_1_789' title='bbox 1679 2906 1825 2937; x_wconf 90' lang='lat' dir='ltr'>homines</span> <span class='ocrx_word' id='word_1_790' title='bbox 1845 2907 1884 2937; x_wconf 89' lang='lat' dir='ltr'>ad</span> 
     </span>
     <span class='ocr_line' id='line_1_198' title="bbox 1377 2949 1884 2982; baseline -0.004 0"><span class='ocrx_word' id='word_1_791' title='bbox 1377 2952 1512 2982; x_wconf 90' lang='lat' dir='ltr'>invicem</span> <span class='ocrx_word' id='word_1_792' title='bbox 1537 2951 1784 2981; x_wconf 86' lang='lat' dir='ltr'>conservandam</span> <span class='ocrx_word' id='word_1_793' title='bbox 1810 2949 1884 2981; x_wconf 69' lang='grc' dir='ltr'><em>’Βεε-</em></span> 
     </span>
     <span class='ocr_line' id='line_1_199' title="bbox 1378 2995 1882 3035; baseline -0.002 -9"><span class='ocrx_word' id='word_1_794' title='bbox 1378 2996 1516 3027; x_wconf 87' lang='lat' dir='ltr'>cundum</span> <span class='ocrx_word' id='word_1_795' title='bbox 1536 2996 1650 3035; x_wconf 79' lang='lat' dir='ltr'>populi</span> <span class='ocrx_word' id='word_1_796' title='bbox 1669 2995 1756 3026; x_wconf 85' lang='lat' dir='ltr'>illius</span> <span class='ocrx_word' id='word_1_797' title='bbox 1775 2995 1882 3025; x_wconf 84' lang='lat' dir='ltr'>condi-</span> 
     </span>
     <span class='ocr_line' id='line_1_200' title="bbox 1379 3039 1883 3079; baseline -0.004 -9"><span class='ocrx_word' id='word_1_798' title='bbox 1379 3042 1507 3077; x_wconf 84' lang='lat' dir='ltr'>tionem,</span> <span class='ocrx_word' id='word_1_799' title='bbox 1521 3049 1603 3079; x_wconf 82' lang='lat' dir='ltr'>quae</span> <span class='ocrx_word' id='word_1_800' title='bbox 1616 3039 1734 3069; x_wconf 85' lang='lat' dir='ltr'>iudicia</span> <span class='ocrx_word' id='word_1_801' title='bbox 1786 3049 1883 3078; x_wconf 81' lang='lat' dir='ltr'>prae-</span> 
     </span>
     <span class='ocr_line' id='line_1_201' title="bbox 1378 3082 1882 3123; baseline -0.004 -9"><span class='ocrx_word' id='word_1_802' title='bbox 1378 3089 1468 3123; x_wconf 82' lang='lat' dir='ltr'>cepta</span> <span class='ocrx_word' id='word_1_803' title='bbox 1492 3083 1665 3119; x_wconf 80' lang='lat' dir='ltr'>dicuntur;</span> <span class='ocrx_word' id='word_1_804' title='bbox 1688 3082 1738 3112; x_wconf 78' lang='lat' dir='ltr'>vel</span> <span class='ocrx_word' id='word_1_805' title='bbox 1753 3092 1795 3112; x_wconf 88' lang='lat' dir='ltr'>ex</span> <span class='ocrx_word' id='word_1_806' title='bbox 1809 3091 1882 3112; x_wconf 86' lang='lat' dir='ltr'>eon·</span> 
     </span>
     <span class='ocr_line' id='line_1_202' title="bbox 1377 3126 1885 3167; baseline -0.006 -9"><span class='ocrx_word' id='word_1_807' title='bbox 1377 3127 1522 3167; x_wconf 84' lang='lat' dir='ltr'>sequenti</span> <span class='ocrx_word' id='word_1_808' title='bbox 1532 3126 1656 3166; x_wconf 83' lang='lat' dir='ltr'>aliquid</span> <span class='ocrx_word' id='word_1_809' title='bbox 1666 3126 1885 3166; x_wconf 63' lang='lat' dir='ltr'>significarent</span> 
     </span>
     <span class='ocr_line' id='line_1_203' title="bbox 1377 3169 1884 3206; baseline -0.004 -5"><span class='ocrx_word' id='word_1_810' title='bbox 1377 3172 1414 3201; x_wconf 82' lang='lat' dir='ltr'>in</span> <span class='ocrx_word' id='word_1_811' title='bbox 1434 3170 1594 3206; x_wconf 89' lang='lat' dir='ltr'>futurum,</span> <span class='ocrx_word' id='word_1_812' title='bbox 1619 3169 1700 3200; x_wconf 91' lang='lat' dir='ltr'>sicut</span> <span class='ocrx_word' id='word_1_813' title='bbox 1722 3177 1751 3200; x_wconf 92' lang='lat' dir='ltr'>et</span> <span class='ocrx_word' id='word_1_814' title='bbox 1775 3169 1884 3200; x_wconf 84' lang='lat' dir='ltr'>omnia</span> 
     </span>
     <span class='ocr_line' id='line_1_204' title="bbox 1379 3213 1883 3250; baseline -0.004 -5"><span class='ocrx_word' id='word_1_815' title='bbox 1379 3216 1545 3245; x_wconf 58' lang='lat' dir='ltr'>¹&amp;aliorum</span> <span class='ocrx_word' id='word_1_816' title='bbox 1578 3213 1673 3250; x_wconf 81' lang='lat' dir='ltr'>facta,</span> <span class='ocrx_word' id='word_1_817' title='bbox 1706 3214 1883 3244; x_wconf 88' lang='lat' dir='ltr'>secundum</span> 
     </span>
     <span class='ocr_line' id='line_1_205' title="bbox 1377 3257 1882 3289; baseline -0.002 0"><span class='ocrx_word' id='word_1_818' title='bbox 1377 3259 1457 3289; x_wconf 89' lang='lat' dir='ltr'>illud</span> <span class='ocrx_word' id='word_1_819' title='bbox 1473 3259 1484 3288; x_wconf 94' lang='lat'>1</span> <span class='ocrx_word' id='word_1_820' title='bbox 1502 3259 1541 3288; x_wconf 91' lang='lat' dir='ltr'>ad</span> <span class='ocrx_word' id='word_1_821' title='bbox 1558 3258 1633 3289; x_wconf 90' lang='lat' dir='ltr'>Cor.</span> <span class='ocrx_word' id='word_1_822' title='bbox 1652 3266 1687 3288; x_wconf 88' lang='lat' dir='ltr'>x:</span> <span class='ocrx_word' id='word_1_823' title='bbox 1712 3257 1831 3288; x_wconf 81' lang='lat' dir='ltr'>Omnia</span> <span class='ocrx_word' id='word_1_824' title='bbox 1851 3257 1882 3288; x_wconf 94' lang='lat' dir='ltr'>in</span> 
     </span>
     <span class='ocr_line' id='line_1_206' title="bbox 1377 3301 1881 3343; baseline -0.002 -10"><span class='ocrx_word' id='word_1_825' title='bbox 1377 3302 1511 3343; x_wconf 87' lang='lat' dir='ltr'>figuram</span> <span class='ocrx_word' id='word_1_826' title='bbox 1547 3302 1771 3342; x_wconf 84' lang='lat' dir='ltr'>contingebant</span> <span class='ocrx_word' id='word_1_827' title='bbox 1805 3301 1881 3338; x_wconf 92' lang='lat' dir='ltr'>illis;</span> 
     </span>
     <span class='ocr_line' id='line_1_207' title="bbox 1377 3346 1883 3387; baseline -0.002 -10"><span class='ocrx_word' id='word_1_828' title='bbox 1377 3347 1408 3378; x_wconf 91' lang='lat' dir='ltr'>in</span> <span class='ocrx_word' id='word_1_829' title='bbox 1443 3357 1508 3387; x_wconf 93' lang='lat' dir='ltr'>quo</span> <span class='ocrx_word' id='word_1_830' title='bbox 1544 3346 1771 3377; x_wconf 86' lang='lat' dir='ltr'>conveniebant</span> <span class='ocrx_word' id='word_1_831' title='bbox 1809 3356 1883 3376; x_wconf 91' lang='lat' dir='ltr'>cum</span> 
     </span>
     <span class='ocr_line' id='line_1_208' title="bbox 1378 3390 1881 3430; baseline -0.002 -9"><span class='ocrx_word' id='word_1_832' title='bbox 1378 3391 1659 3422; x_wconf 88' lang='lat' dir='ltr'>caeremonialibus</span> <span class='ocrx_word' id='word_1_833' title='bbox 1692 3390 1881 3430; x_wconf 86' lang='lat' dir='ltr'>praeceptis,</span> 
     </span>
     <span class='ocr_line' id='line_1_209' title="bbox 1377 3434 1884 3476; baseline -0.002 -11"><span class='ocrx_word' id='word_1_834' title='bbox 1377 3445 1458 3476; x_wconf 88' lang='lat' dir='ltr'>quae</span> <span class='ocrx_word' id='word_1_835' title='bbox 1497 3434 1708 3475; x_wconf 88' lang='lat' dir='ltr'>principaliter</span> <span class='ocrx_word' id='word_1_836' title='bbox 1742 3434 1884 3464; x_wconf 89' lang='lat' dir='ltr'>instituta</span> 
     </span>
     <span class='ocr_line' id='line_1_210' title="bbox 1378 3478 1883 3518; baseline -0.002 -9"><span class='ocrx_word' id='word_1_837' title='bbox 1378 3487 1464 3510; x_wconf 87' lang='lat' dir='ltr'>erant</span> <span class='ocrx_word' id='word_1_838' title='bbox 1495 3479 1535 3509; x_wconf 93' lang='lat' dir='ltr'>ad</span> <span class='ocrx_word' id='word_1_839' title='bbox 1559 3478 1800 3518; x_wconf 85' lang='lat' dir='ltr'>significandum</span> <span class='ocrx_word' id='word_1_840' title='bbox 1828 3478 1883 3508; x_wconf 89' lang='lat' dir='ltr'>ali-</span> 
     </span>
     <span class='ocr_line' id='line_1_211' title="bbox 1377 3523 1883 3564; baseline 0 -11"><span class='ocrx_word' id='word_1_841' title='bbox 1377 3523 1454 3564; x_wconf 92' lang='lat' dir='ltr'>quid</span> <span class='ocrx_word' id='word_1_842' title='bbox 1469 3523 1625 3554; x_wconf 86' lang='lat' dir='ltr'>futurum.</span> <span class='ocrx_word' id='word_1_843' title='bbox 1642 3523 1735 3554; x_wconf 90' lang='lat' dir='ltr'>Unde</span> <span class='ocrx_word' id='word_1_844' title='bbox 1748 3530 1779 3553; x_wconf 90' lang='lat' dir='ltr'>et</span> <span class='ocrx_word' id='word_1_845' title='bbox 1795 3532 1883 3563; x_wconf 84' lang='lat' dir='ltr'>prae-</span> 
     </span>
    </p>
   </div>
   <div class='ocr_carea' id='block_1_11' title="bbox 2064 354 2333 426">
    <p class='ocr_par' dir='ltr' id='par_1_11' title="bbox 2064 354 2333 426">
     <span class='ocr_line' id='line_1_212' title="bbox 2139 354 2257 383; baseline 0 -1"><span class='ocrx_word' id='word_1_846' title='bbox 2139 354 2257 383; x_wconf 76' lang='lat' dir='ltr'>Laeuo</span> 
     </span>
     <span class='ocr_line' id='line_1_213' title="bbox 2064 406 2333 426; baseline 0.004 -1"><span class='ocrx_word' id='word_1_847' title='bbox 2064 406 2193 426; x_wconf 64' lang='lat' dir='ltr'>&#39;ram-ma</span> <span class='ocrx_word' id='word_1_848' title='bbox 2217 406 2333 426; x_wconf 70' lang='lat' dir='ltr'>CLAssss</span> 
     </span>
    </p>
   </div>
   <div class='ocr_carea' id='block_1_12' title="bbox 1936 485 2450 3562">
    <p class='ocr_par' dir='ltr' id='par_1_12' title="bbox 1936 485 2450 3562">
     <span class='ocr_line' id='line_1_214' title="bbox 2006 485 2449 525; baseline 0 -11"><span class='ocrx_word' id='word_1_849' title='bbox 2006 495 2164 515; x_wconf 69' lang='lat' dir='ltr'>asponmzo</span> <span class='ocrx_word' id='word_1_850' title='bbox 2184 493 2341 513; x_wconf 76' lang='lat' dir='ltr'>DICENDUM</span> <span class='ocrx_word' id='word_1_851' title='bbox 2361 485 2449 525; x_wconf 93' lang='lat' dir='ltr'>quod</span> 
     </span>
     <span class='ocr_line' id='line_1_215' title="bbox 1942 498 2448 568; baseline -0.002 -9"><span class='ocrx_word' id='word_1_852' title='bbox 1942 498 2145 560; x_wconf 83' lang='lat' dir='ltr'>&#39;Rdecimae</span> <span class='ocrx_word' id='word_1_853' title='bbox 2183 528 2213 557; x_wconf 92' lang='lat' dir='ltr'>in</span> <span class='ocrx_word' id='word_1_854' title='bbox 2250 528 2345 557; x_wconf 90' lang='lat' dir='ltr'>veteri</span> <span class='ocrx_word' id='word_1_855' title='bbox 2380 529 2448 568; x_wconf 90' lang='lat' dir='ltr'>lege</span> 
     </span>
     <span class='ocr_line' id='line_1_216' title="bbox 1945 571 2448 603; baseline -0.002 0"><span class='ocrx_word' id='word_1_856' title='bbox 1945 573 2100 603; x_wconf 89' lang='lat' dir='ltr'>dabantur</span> <span class='ocrx_word' id='word_1_857' title='bbox 2123 573 2162 602; x_wconf 89' lang='lat' dir='ltr'>ad</span> <span class='ocrx_word' id='word_1_858' title='bbox 2186 571 2448 602; x_wconf 88' lang='lat' dir='ltr'>sustentationem</span> 
     </span>
     <span class='ocr_line' id='line_1_217' title="bbox 1945 615 2449 656; baseline -0.004 -9"><span class='ocrx_word' id='word_1_859' title='bbox 1945 617 2163 647; x_wconf 90' lang='lat' dir='ltr'>ministrorum</span> <span class='ocrx_word' id='word_1_860' title='bbox 2189 615 2262 646; x_wconf 88' lang='lat' dir='ltr'>Dei:</span> <span class='ocrx_word' id='word_1_861' title='bbox 2293 616 2377 656; x_wconf 84' lang='lat' dir='ltr'>unde</span> <span class='ocrx_word' id='word_1_862' title='bbox 2404 615 2449 646; x_wconf 92' lang='lat' dir='ltr'>di—</span> 
     </span>
     <span class='ocr_line' id='line_1_218' title="bbox 1945 659 2450 700; baseline -0.004 -9"><span class='ocrx_word' id='word_1_863' title='bbox 1945 661 2026 691; x_wconf 91' lang='lat' dir='ltr'>citur</span> <span class='ocrx_word' id='word_1_864' title='bbox 2055 661 2190 691; x_wconf 88' lang='lat' dir='ltr'>Malach.</span> <span class='ocrx_word' id='word_1_865' title='bbox 2224 668 2273 689; x_wconf 90' lang='lat'>111:</span> <span class='ocrx_word' id='word_1_866' title='bbox 2306 659 2450 700; x_wconf 86' lang='lat' dir='ltr'>¹Inferre</span> 
     </span>
     <span class='ocr_line' id='line_1_219' title="bbox 1945 704 2448 735; baseline -0.002 -1"><span class='ocrx_word' id='word_1_867' title='bbox 1945 714 2075 735; x_wconf 89' lang='lat' dir='ltr'>omnem</span> <span class='ocrx_word' id='word_1_868' title='bbox 2084 704 2326 735; x_wconf 88' lang='lat' dir='ltr'>decimationem</span> <span class='ocrx_word' id='word_1_869' title='bbox 2336 704 2367 733; x_wconf 90' lang='lat' dir='ltr'>in</span> <span class='ocrx_word' id='word_1_870' title='bbox 2377 704 2448 734; x_wconf 88' lang='lat' dir='ltr'>hor-</span> 
     </span>
     <span class='ocr_line' id='line_1_220' title="bbox 1944 748 2449 784; baseline -0.002 -6"><span class='ocrx_word' id='word_1_871' title='bbox 1944 758 2035 779; x_wconf 89' lang='lat' dir='ltr'>reum</span> <span class='ocrx_word' id='word_1_872' title='bbox 2056 759 2175 784; x_wconf 90' lang='lat' dir='ltr'>meum,</span> <span class='ocrx_word' id='word_1_873' title='bbox 2193 756 2227 778; x_wconf 92' lang='lat' dir='ltr'>ut</span> <span class='ocrx_word' id='word_1_874' title='bbox 2251 748 2290 778; x_wconf 93' lang='lat' dir='ltr'>sit</span> <span class='ocrx_word' id='word_1_875' title='bbox 2313 748 2400 778; x_wconf 91' lang='lat' dir='ltr'>cibus</span> <span class='ocrx_word' id='word_1_876' title='bbox 2417 748 2449 777; x_wconf 92' lang='lat' dir='ltr'>in</span> 
     </span>
     <span class='ocr_line' id='line_1_221' title="bbox 1945 792 2449 832; baseline 0 -11"><span class='ocrx_word' id='word_1_877' title='bbox 1945 793 2042 822; x_wconf 87' lang='lat' dir='ltr'>domo</span> <span class='ocrx_word' id='word_1_878' title='bbox 2078 803 2158 823; x_wconf 90' lang='lat' dir='ltr'>mea.</span> <span class='ocrx_word' id='word_1_879' title='bbox 2198 792 2290 823; x_wconf 90' lang='lat' dir='ltr'>Unde</span> <span class='ocrx_word' id='word_1_880' title='bbox 2325 801 2449 832; x_wconf 89' lang='lat' dir='ltr'>praece-</span> 
     </span>
     <span class='ocr_line' id='line_1_222' title="bbox 1944 836 2449 875; baseline -0.002 -9"><span class='ocrx_word' id='word_1_881' title='bbox 1944 843 2037 875; x_wconf 93' lang='lat' dir='ltr'>ptum</span> <span class='ocrx_word' id='word_1_882' title='bbox 2060 837 2098 866; x_wconf 89' lang='lat' dir='ltr'>de</span> <span class='ocrx_word' id='word_1_883' title='bbox 2122 837 2282 867; x_wconf 91' lang='lat' dir='ltr'>solutione</span> <span class='ocrx_word' id='word_1_884' title='bbox 2313 836 2449 866; x_wconf 88' lang='lat' dir='ltr'>decima-</span> 
     </span>
     <span class='ocr_line' id='line_1_223' title="bbox 1944 880 2449 921; baseline 0.002 -13"><span class='ocrx_word' id='word_1_885' title='bbox 1944 889 2015 909; x_wconf 90' lang='lat' dir='ltr'>rum</span> <span class='ocrx_word' id='word_1_886' title='bbox 2030 880 2145 920; x_wconf 88' lang='lat' dir='ltr'>partim</span> <span class='ocrx_word' id='word_1_887' title='bbox 2161 881 2291 921; x_wconf 90' lang='lat' dir='ltr'>quidem</span> <span class='ocrx_word' id='word_1_888' title='bbox 2304 887 2368 910; x_wconf 91' lang='lat' dir='ltr'>erat</span> <span class='ocrx_word' id='word_1_889' title='bbox 2381 889 2449 909; x_wconf 89' lang='lat' dir='ltr'>mo-</span> 
     </span>
     <span class='ocr_line' id='line_1_224' title="bbox 1944 924 2448 959; baseline 0.002 -6"><span class='ocrx_word' id='word_1_890' title='bbox 1944 924 2022 959; x_wconf 88' lang='lat' dir='ltr'>rale,</span> <span class='ocrx_word' id='word_1_891' title='bbox 2048 924 2185 954; x_wconf 91' lang='lat' dir='ltr'>inditum</span> <span class='ocrx_word' id='word_1_892' title='bbox 2209 925 2369 954; x_wconf 82' lang='lat' dir='ltr'>²naturali</span> <span class='ocrx_word' id='word_1_893' title='bbox 2396 933 2448 953; x_wconf 85' lang='lat' dir='ltr'>ra-</span> 
     </span>
     <span class='ocr_line' id='line_1_225' title="bbox 1944 969 2449 1007; baseline 0.002 -10"><span class='ocrx_word' id='word_1_894' title='bbox 1944 969 2046 998; x_wconf 86' lang='lat' dir='ltr'>tioni:</span> <span class='ocrx_word' id='word_1_895' title='bbox 2067 978 2151 1007; x_wconf 82' lang='lat' dir='ltr'>pars</span> <span class='ocrx_word' id='word_1_896' title='bbox 2177 974 2248 998; x_wconf 88' lang='lat' dir='ltr'>erat</span> <span class='ocrx_word' id='word_1_897' title='bbox 2271 973 2377 998; x_wconf 88' lang='lat' dir='ltr'>autem</span> <span class='ocrx_word' id='word_1_898' title='bbox 2402 969 2449 997; x_wconf 90' lang='lat' dir='ltr'>iu-</span> 
     </span>
     <span class='ocr_line' id='line_1_226' title="bbox 1943 1011 2447 1048; baseline -0.002 -6"><span class='ocrx_word' id='word_1_899' title='bbox 1943 1012 2076 1048; x_wconf 87' lang='lat' dir='ltr'>diciale,</span> <span class='ocrx_word' id='word_1_900' title='bbox 2113 1021 2150 1041; x_wconf 84' lang='lat' dir='ltr'>ex</span> <span class='ocrx_word' id='word_1_901' title='bbox 2184 1011 2290 1041; x_wconf 89' lang='lat' dir='ltr'>divina</span> <span class='ocrx_word' id='word_1_902' title='bbox 2323 1011 2447 1041; x_wconf 89' lang='lat' dir='ltr'>institu-</span> 
     </span>
     <span class='ocr_line' id='line_1_227' title="bbox 1943 1055 2449 1092; baseline -0.002 -6"><span class='ocrx_word' id='word_1_903' title='bbox 1943 1055 2029 1086; x_wconf 90' lang='lat' dir='ltr'>tione</span> <span class='ocrx_word' id='word_1_904' title='bbox 2064 1056 2161 1086; x_wconf 87' lang='lat' dir='ltr'>robur</span> <span class='ocrx_word' id='word_1_905' title='bbox 2189 1056 2319 1089; x_wconf 79' lang='lat' dir='ltr'>habens.</span> <span class='ocrx_word' id='word_1_906' title='bbox 2350 1055 2449 1092; x_wconf 83' lang='lat' dir='ltr'>Quod</span> 
     </span>
     <span class='ocr_line' id='line_1_228' title="bbox 1943 1098 2449 1140; baseline 0.004 -11"><span class='ocrx_word' id='word_1_907' title='bbox 1943 1100 2028 1130; x_wconf 92' lang='lat' dir='ltr'>enim</span> <span class='ocrx_word' id='word_1_908' title='bbox 2055 1100 2103 1130; x_wconf 91' lang='lat' dir='ltr'>his</span> <span class='ocrx_word' id='word_1_909' title='bbox 2132 1099 2188 1140; x_wconf 89' lang='lat' dir='ltr'>qui</span> <span class='ocrx_word' id='word_1_910' title='bbox 2218 1098 2326 1131; x_wconf 80' lang='lat' dir='ltr'>divino</span> <span class='ocrx_word' id='word_1_911' title='bbox 2349 1098 2449 1131; x_wconf 84' lang='lat' dir='ltr'>cultui</span> 
     </span>
     <span class='ocr_line' id='line_1_229' title="bbox 1942 1143 2450 1183; baseline 0 -9"><span class='ocrx_word' id='word_1_912' title='bbox 1942 1144 2162 1174; x_wconf 87' lang='lat' dir='ltr'>ministrabant</span> <span class='ocrx_word' id='word_1_913' title='bbox 2185 1144 2224 1174; x_wconf 88' lang='lat' dir='ltr'>ad</span> <span class='ocrx_word' id='word_1_914' title='bbox 2243 1143 2378 1174; x_wconf 86' lang='lat' dir='ltr'>salutem</span> <span class='ocrx_word' id='word_1_915' title='bbox 2393 1153 2450 1183; x_wconf 86' lang='lat' dir='ltr'>po·</span> 
     </span>
     <span class='ocr_line' id='line_1_230' title="bbox 1941 1188 2449 1228; baseline -0.002 -10"><span class='ocrx_word' id='word_1_916' title='bbox 1941 1188 2011 1228; x_wconf 87' lang='lat' dir='ltr'>puli</span> <span class='ocrx_word' id='word_1_917' title='bbox 2033 1188 2148 1224; x_wconf 91' lang='lat' dir='ltr'>totius,</span> <span class='ocrx_word' id='word_1_918' title='bbox 2345 1197 2449 1218; x_wconf 84' lang='lat' dir='ltr'>neces-</span> 
     </span>
     <span class='ocr_line' id='line_1_231' title="bbox 1942 1229 2447 1268; baseline 0 -6"><span class='ocrx_word' id='word_1_919' title='bbox 1942 1232 2020 1262; x_wconf 83' lang='lat' dir='ltr'>saria</span> <span class='ocrx_word' id='word_1_920' title='bbox 2035 1233 2148 1262; x_wconf 73' lang='lat' dir='ltr'>wictui</span> <span class='ocrx_word' id='word_1_921' title='bbox 2164 1231 2361 1268; x_wconf 88' lang='lat' dir='ltr'>ministraret,</span> <span class='ocrx_word' id='word_1_922' title='bbox 2379 1229 2447 1262; x_wconf 86' lang='lat' dir='ltr'>⁵ra-</span> 
     </span>
     <span class='ocr_line' id='line_1_232' title="bbox 1942 1275 2448 1310; baseline 0 -4"><span class='ocrx_word' id='word_1_923' title='bbox 1942 1277 1984 1306; x_wconf 86' lang='lat' dir='ltr'>tio</span> <span class='ocrx_word' id='word_1_924' title='bbox 2009 1277 2169 1307; x_wconf 85' lang='lat' dir='ltr'>naturalis</span> <span class='ocrx_word' id='word_1_925' title='bbox 2185 1276 2293 1306; x_wconf 86' lang='lat' dir='ltr'>dictat:</span> <span class='ocrx_word' id='word_1_926' title='bbox 2319 1275 2400 1306; x_wconf 82' lang='lat' dir='ltr'>sicut</span> <span class='ocrx_word' id='word_1_927' title='bbox 2418 1281 2448 1310; x_wconf 77' lang='lat' dir='ltr'>et</span> 
     </span>
     <span class='ocr_line' id='line_1_233' title="bbox 1941 1317 2448 1360; baseline -0.002 -10"><span class='ocrx_word' id='word_1_928' title='bbox 1941 1320 1989 1350; x_wconf 87' lang='lat' dir='ltr'>his</span> <span class='ocrx_word' id='word_1_929' title='bbox 2028 1320 2083 1360; x_wconf 90' lang='lat' dir='ltr'>qui</span> <span class='ocrx_word' id='word_1_930' title='bbox 2121 1319 2287 1350; x_wconf 89' lang='lat' dir='ltr'>communi</span> <span class='ocrx_word' id='word_1_931' title='bbox 2322 1317 2448 1350; x_wconf 84' lang='lat' dir='ltr'>utilitati</span> 
     </span>
     <span class='ocr_line' id='line_1_234' title="bbox 1940 1363 2448 1404; baseline 0.002 -11"><span class='ocrx_word' id='word_1_932' title='bbox 1940 1363 2114 1403; x_wconf 88' lang='lat' dir='ltr'>invigilant,</span> <span class='ocrx_word' id='word_1_933' title='bbox 2126 1364 2242 1394; x_wconf 88' lang='lat' dir='ltr'>scilicet</span> <span class='ocrx_word' id='word_1_934' title='bbox 2253 1363 2448 1404; x_wconf 87' lang='lat' dir='ltr'>principibus</span> 
     </span>
     <span class='ocr_line' id='line_1_235' title="bbox 1942 1406 2448 1438; baseline 0 -1"><span class='ocrx_word' id='word_1_935' title='bbox 1942 1414 1972 1437; x_wconf 91' lang='lat' dir='ltr'>et</span> <span class='ocrx_word' id='word_1_936' title='bbox 1998 1407 2150 1438; x_wconf 89' lang='lat' dir='ltr'>militibus</span> <span class='ocrx_word' id='word_1_937' title='bbox 2181 1415 2212 1438; x_wconf 91' lang='lat' dir='ltr'>et</span> <span class='ocrx_word' id='word_1_938' title='bbox 2242 1407 2309 1437; x_wconf 90' lang='lat' dir='ltr'>aliis</span> <span class='ocrx_word' id='word_1_939' title='bbox 2338 1406 2448 1438; x_wconf 89' lang='lat' dir='ltr'>huius-</span> 
     </span>
     <span class='ocr_line' id='line_1_236' title="bbox 1941 1450 2450 1492; baseline 0 -11"><span class='ocrx_word' id='word_1_940' title='bbox 1941 1451 2040 1487; x_wconf 90' lang='lat' dir='ltr'>modi,</span> <span class='ocrx_word' id='word_1_941' title='bbox 2061 1451 2215 1492; x_wconf 86' lang='lat' dir='ltr'>stipendia</span> <span class='ocrx_word' id='word_1_942' title='bbox 2232 1450 2376 1482; x_wconf 78' lang='lat' dir='ltr'>⁶victus?</span> <span class='ocrx_word' id='word_1_943' title='bbox 2398 1451 2450 1481; x_wconf 79' lang='lat' dir='ltr'>de-</span> 
     </span>
     <span class='ocr_line' id='line_1_237' title="bbox 1941 1495 2449 1527; baseline 0 -1"><span class='ocrx_word' id='word_1_944' title='bbox 1941 1496 2055 1526; x_wconf 88' lang='lat' dir='ltr'>bentur</span> <span class='ocrx_word' id='word_1_945' title='bbox 2199 1522 2203 1527; x_wconf 91' lang='lat'>.</span> <span class='ocrx_word' id='word_1_946' title='bbox 2300 1495 2394 1527; x_wconf 87' lang='lat' dir='ltr'>Unde</span> <span class='ocrx_word' id='word_1_947' title='bbox 2417 1501 2449 1527; x_wconf 86' lang='lat' dir='ltr'>et</span> 
     </span>
     <span class='ocr_line' id='line_1_238' title="bbox 1940 1538 2448 1580; baseline -0.002 -10"><span class='ocrx_word' id='word_1_948' title='bbox 1940 1540 2117 1580; x_wconf 91' lang='lat' dir='ltr'>Apostolus</span> <span class='ocrx_word' id='word_1_949' title='bbox 2219 1540 2347 1579; x_wconf 78' lang='lat' dir='ltr'>probat,</span> <span class='ocrx_word' id='word_1_950' title='bbox 2372 1539 2384 1569; x_wconf 89' lang='lat'>1</span> <span class='ocrx_word' id='word_1_951' title='bbox 2408 1538 2448 1570; x_wconf 83' lang='lat' dir='ltr'>ad</span> 
     </span>
     <span class='ocr_line' id='line_1_239' title="bbox 1941 1583 2447 1624; baseline -0.002 -9"><span class='ocrx_word' id='word_1_952' title='bbox 1941 1583 2016 1615; x_wconf 92' lang='lat' dir='ltr'>Cor.</span> <span class='ocrx_word' id='word_1_953' title='bbox 2043 1594 2081 1619; x_wconf 79' lang='lat' dir='ltr'>tx,</span> <span class='ocrx_word' id='word_1_954' title='bbox 2106 1593 2162 1624; x_wconf 91' lang='lat' dir='ltr'>per</span> <span class='ocrx_word' id='word_1_955' title='bbox 2183 1584 2358 1614; x_wconf 71' lang='lat' dir='ltr'>ohumanos</span> <span class='ocrx_word' id='word_1_956' title='bbox 2372 1592 2447 1614; x_wconf 87' lang='lat' dir='ltr'>con-</span> 
     </span>
     <span class='ocr_line' id='line_1_240' title="bbox 1940 1627 2449 1664; baseline -0.004 -5"><span class='ocrx_word' id='word_1_957' title='bbox 1940 1628 2144 1664; x_wconf 85' lang='lat' dir='ltr'>suetudines,</span> <span class='ocrx_word' id='word_1_958' title='bbox 2180 1628 2307 1658; x_wconf 88' lang='lat' dir='ltr'>dicens:</span> <span class='ocrx_word' id='word_1_959' title='bbox 2353 1627 2449 1664; x_wconf 76' lang='lat' dir='ltr'>wQui</span> 
     </span>
     <span class='ocr_line' id='line_1_241' title="bbox 1940 1671 2447 1712; baseline -0.002 -9"><span class='ocrx_word' id='word_1_960' title='bbox 1940 1673 2053 1703; x_wconf 88' lang='lat' dir='ltr'>militat</span> <span class='ocrx_word' id='word_1_961' title='bbox 2077 1672 2142 1702; x_wconf 91' lang='lat' dir='ltr'>suis</span> <span class='ocrx_word' id='word_1_962' title='bbox 2173 1671 2365 1712; x_wconf 74' lang='lat' dir='ltr'>¹¹stipendus</span> <span class='ocrx_word' id='word_1_963' title='bbox 2387 1681 2447 1702; x_wconf 67' lang='lat' dir='ltr'>un⁴</span> 
     </span>
     <span class='ocr_line' id='line_1_242' title="bbox 1940 1714 2447 1758; baseline -0.002 -11"><span class='ocrx_word' id='word_1_964' title='bbox 1940 1714 2055 1758; x_wconf 86' lang='lat' dir='ltr'>quam?</span> <span class='ocrx_word' id='word_1_965' title='bbox 2079 1716 2159 1754; x_wconf 92' lang='lat' dir='ltr'>Quis</span> <span class='ocrx_word' id='word_1_966' title='bbox 2183 1716 2304 1756; x_wconf 85' lang='lat' dir='ltr'>plantat</span> <span class='ocrx_word' id='word_1_967' title='bbox 2321 1715 2447 1746; x_wconf 86' lang='lat' dir='ltr'>vineam</span> 
     </span>
     <span class='ocr_line' id='line_1_243' title="bbox 1940 1757 2448 1792; baseline -0.002 -1"><span class='ocrx_word' id='word_1_968' title='bbox 1940 1768 1972 1792; x_wconf 91' lang='lat' dir='ltr'>et</span> <span class='ocrx_word' id='word_1_969' title='bbox 1987 1761 2026 1791; x_wconf 91' lang='lat' dir='ltr'>de</span> <span class='ocrx_word' id='word_1_970' title='bbox 2039 1760 2193 1791; x_wconf 91' lang='lat' dir='ltr'>fructibus</span> <span class='ocrx_word' id='word_1_971' title='bbox 2205 1760 2273 1790; x_wconf 91' lang='lat' dir='ltr'>eius</span> <span class='ocrx_word' id='word_1_972' title='bbox 2286 1770 2352 1790; x_wconf 90' lang='lat' dir='ltr'>non</span> <span class='ocrx_word' id='word_1_973' title='bbox 2366 1757 2448 1790; x_wconf 82' lang='lat' dir='ltr'>edit?</span> 
     </span>
     <span class='ocr_line' id='line_1_244' title="bbox 1940 1805 2448 1843; baseline -0.004 -7"><span class='ocrx_word' id='word_1_974' title='bbox 1940 1806 2001 1836; x_wconf 92' lang='lat' dir='ltr'>Sed</span> <span class='ocrx_word' id='word_1_975' title='bbox 2027 1805 2222 1836; x_wconf 72' lang='lat' dir='ltr'>¹²decimatio</span> <span class='ocrx_word' id='word_1_976' title='bbox 2254 1810 2355 1834; x_wconf 87' lang='lat' dir='ltr'>certae</span> <span class='ocrx_word' id='word_1_977' title='bbox 2376 1812 2448 1843; x_wconf 83' lang='lat' dir='ltr'>par-</span> 
     </span>
     <span class='ocr_line' id='line_1_245' title="bbox 1939 1847 2447 1880; baseline -0.002 -1"><span class='ocrx_word' id='word_1_978' title='bbox 1939 1850 1978 1880; x_wconf 91' lang='lat' dir='ltr'>tis</span> <span class='ocrx_word' id='word_1_979' title='bbox 2008 1849 2199 1879; x_wconf 82' lang='lat' dir='ltr'>exhibendae</span> <span class='ocrx_word' id='word_1_980' title='bbox 2229 1847 2378 1879; x_wconf 88' lang='lat' dir='ltr'>ministris</span> <span class='ocrx_word' id='word_1_981' title='bbox 2401 1847 2447 1878; x_wconf 90' lang='lat' dir='ltr'>di-</span> 
     </span>
     <span class='ocr_line' id='line_1_246' title="bbox 1939 1891 2447 1924; baseline -0.002 -1"><span class='ocrx_word' id='word_1_982' title='bbox 1939 1893 2004 1924; x_wconf 90' lang='lat' dir='ltr'>vini</span> <span class='ocrx_word' id='word_1_983' title='bbox 2029 1893 2132 1924; x_wconf 85' lang='lat' dir='ltr'>cultus</span> <span class='ocrx_word' id='word_1_984' title='bbox 2155 1902 2222 1923; x_wconf 90' lang='lat' dir='ltr'>non</span> <span class='ocrx_word' id='word_1_985' title='bbox 2246 1899 2292 1922; x_wconf 88' lang='lat' dir='ltr'>est</span> <span class='ocrx_word' id='word_1_986' title='bbox 2315 1892 2354 1922; x_wconf 88' lang='lat' dir='ltr'>de</span> <span class='ocrx_word' id='word_1_987' title='bbox 2379 1891 2447 1922; x_wconf 86' lang='lat' dir='ltr'>iure</span> 
     </span>
     <span class='ocr_line' id='line_1_247' title="bbox 1940 1936 2449 1973; baseline 0 -5"><span class='ocrx_word' id='word_1_988' title='bbox 1940 1937 2090 1973; x_wconf 88' lang='lat' dir='ltr'>naturali,</span> <span class='ocrx_word' id='word_1_989' title='bbox 2115 1937 2170 1967; x_wconf 90' lang='lat' dir='ltr'>sed</span> <span class='ocrx_word' id='word_1_990' title='bbox 2193 1943 2240 1968; x_wconf 88' lang='lat' dir='ltr'>est</span> <span class='ocrx_word' id='word_1_991' title='bbox 2266 1936 2449 1968; x_wconf 76' lang='lat' dir='ltr'>introducta</span> 
     </span>
     <span class='ocr_line' id='line_1_248' title="bbox 1938 1978 2448 2012; baseline -0.002 0"><span class='ocrx_word' id='word_1_992' title='bbox 1938 1981 2137 2012; x_wconf 89' lang='lat' dir='ltr'>institutione</span> <span class='ocrx_word' id='word_1_993' title='bbox 2170 1980 2275 2011; x_wconf 87' lang='lat' dir='ltr'>divina</span> <span class='ocrx_word' id='word_1_994' title='bbox 2308 1978 2448 2012; x_wconf 76' lang='lat' dir='ltr'>¹3secun-</span> 
     </span>
     <span class='ocr_line' id='line_1_249' title="bbox 1939 2023 2445 2064; baseline -0.006 -7"><span class='ocrx_word' id='word_1_995' title='bbox 1939 2026 2014 2057; x_wconf 86' lang='lat' dir='ltr'>dum</span> <span class='ocrx_word' id='word_1_996' title='bbox 2039 2025 2255 2056; x_wconf 90' lang='lat' dir='ltr'>conditionem</span> <span class='ocrx_word' id='word_1_997' title='bbox 2279 2023 2364 2055; x_wconf 90' lang='lat' dir='ltr'>illius</span> <span class='ocrx_word' id='word_1_998' title='bbox 2387 2034 2445 2064; x_wconf 89' lang='lat' dir='ltr'>po-</span> 
     </span>
     <span class='ocr_line' id='line_1_250' title="bbox 1939 2068 2448 2111; baseline -0.002 -10"><span class='ocrx_word' id='word_1_999' title='bbox 1939 2070 2008 2111; x_wconf 92' lang='lat' dir='ltr'>puli</span> <span class='ocrx_word' id='word_1_1000' title='bbox 2029 2069 2080 2101; x_wconf 84' lang='lat' dir='ltr'>cui</span> <span class='ocrx_word' id='word_1_1001' title='bbox 2099 2070 2149 2099; x_wconf 84' lang='lat' dir='ltr'>lex</span> <span class='ocrx_word' id='word_1_1002' title='bbox 2169 2069 2314 2105; x_wconf 83' lang='lat' dir='ltr'>dabatur;</span> <span class='ocrx_word' id='word_1_1003' title='bbox 2343 2068 2448 2109; x_wconf 63' lang='lat' dir='ltr'>“quid</span> 
     </span>
     <span class='ocr_line' id='line_1_251' title="bbox 1939 2112 2444 2156; baseline -0.008 -10"><span class='ocrx_word' id='word_1_1004' title='bbox 1939 2115 2020 2156; x_wconf 80' lang='lat' dir='ltr'>qui?</span> <span class='ocrx_word' id='word_1_1005' title='bbox 2054 2113 2225 2144; x_wconf 89' lang='lat' dir='ltr'>duodecim</span> <span class='ocrx_word' id='word_1_1006' title='bbox 2260 2112 2360 2143; x_wconf 87' lang='lat' dir='ltr'>tribus</span> <span class='ocrx_word' id='word_1_1007' title='bbox 2395 2122 2444 2143; x_wconf 89' lang='lat' dir='ltr'>es-</span> 
     </span>
     <span class='ocr_line' id='line_1_252' title="bbox 1940 2156 2446 2194; baseline -0.002 -5"><span class='ocrx_word' id='word_1_1008' title='bbox 1940 2166 1986 2189; x_wconf 91' lang='lat' dir='ltr'>set</span> <span class='ocrx_word' id='word_1_1009' title='bbox 2009 2158 2145 2194; x_wconf 88' lang='lat' dir='ltr'>divisus,</span> <span class='ocrx_word' id='word_1_1010' title='bbox 2170 2156 2361 2187; x_wconf 84' lang='lat' dir='ltr'>duodecima</span> <span class='ocrx_word' id='word_1_1011' title='bbox 2392 2156 2446 2188; x_wconf 83' lang='lat' dir='ltr'>tri·</span> 
     </span>
     <span class='ocr_line' id='line_1_253' title="bbox 1938 2200 2449 2242; baseline -0.002 -9"><span class='ocrx_word' id='word_1_1012' title='bbox 1938 2204 2013 2239; x_wconf 90' lang='lat' dir='ltr'>bus,</span> <span class='ocrx_word' id='word_1_1013' title='bbox 2038 2201 2156 2232; x_wconf 87' lang='lat' dir='ltr'>scilicet</span> <span class='ocrx_word' id='word_1_1014' title='bbox 2181 2200 2333 2238; x_wconf 88' lang='lat' dir='ltr'>Levitica,</span> <span class='ocrx_word' id='word_1_1015' title='bbox 2363 2204 2449 2242; x_wconf 63' lang='lat' dir='ltr'>quae</span> 
     </span>
     <span class='ocr_line' id='line_1_254' title="bbox 1939 2243 2446 2278; baseline -0.002 -1"><span class='ocrx_word' id='word_1_1016' title='bbox 1939 2253 2005 2278; x_wconf 85' lang='lat' dir='ltr'>tota</span> <span class='ocrx_word' id='word_1_1017' title='bbox 2034 2252 2098 2277; x_wconf 86' lang='lat' dir='ltr'>erat</span> <span class='ocrx_word' id='word_1_1018' title='bbox 2125 2245 2237 2276; x_wconf 89' lang='lat' dir='ltr'>divinis</span> <span class='ocrx_word' id='word_1_1019' title='bbox 2267 2243 2446 2278; x_wconf 72' lang='lat' dir='ltr'>ministeriis</span> 
     </span>
     <span class='ocr_line' id='line_1_255' title="bbox 1939 2289 2445 2330; baseline -0.004 -8"><span class='ocrx_word' id='word_1_1020' title='bbox 1939 2290 2127 2330; x_wconf 86' lang='lat' dir='ltr'>mancipata,</span> <span class='ocrx_word' id='word_1_1021' title='bbox 2148 2289 2364 2328; x_wconf 87' lang='lat' dir='ltr'>possessiones</span> <span class='ocrx_word' id='word_1_1022' title='bbox 2379 2298 2445 2320; x_wconf 85' lang='lat' dir='ltr'>non</span> 
     </span>
     <span class='ocr_line' id='line_1_256' title="bbox 1938 2333 2447 2365; baseline -0.002 0"><span class='ocrx_word' id='word_1_1023' title='bbox 1938 2335 2086 2365; x_wconf 84' lang='lat' dir='ltr'>habebat:</span> <span class='ocrx_word' id='word_1_1024' title='bbox 2116 2333 2200 2364; x_wconf 90' lang='lat' dir='ltr'>unde</span> <span class='ocrx_word' id='word_1_1025' title='bbox 2225 2333 2447 2364; x_wconf 79' lang='lat' dir='ltr'>convenienter</span> 
     </span>
     <span class='ocr_line' id='line_1_257' title="bbox 1938 2377 2446 2421; baseline -0.006 -12"><span class='ocrx_word' id='word_1_1026' title='bbox 1938 2378 2119 2421; x_wconf 85' lang='lat' dir='ltr'>institutum</span> <span class='ocrx_word' id='word_1_1027' title='bbox 2148 2384 2194 2407; x_wconf 91' lang='lat' dir='ltr'>est</span> <span class='ocrx_word' id='word_1_1028' title='bbox 2230 2384 2266 2407; x_wconf 88' lang='lat' dir='ltr'>ut</span> <span class='ocrx_word' id='word_1_1029' title='bbox 2302 2377 2446 2419; x_wconf 53' lang='lat' dir='ltr'>¹⁵reliqui</span> 
     </span>
     <span class='ocr_line' id='line_1_258' title="bbox 1938 2421 2446 2462; baseline -0.002 -10"><span class='ocrx_word' id='word_1_1030' title='bbox 1938 2422 2088 2453; x_wconf 87' lang='lat' dir='ltr'>undecim</span> <span class='ocrx_word' id='word_1_1031' title='bbox 2098 2422 2196 2452; x_wconf 84' lang='lat' dir='ltr'>tribus</span> <span class='ocrx_word' id='word_1_1032' title='bbox 2205 2421 2362 2451; x_wconf 86' lang='lat' dir='ltr'>decimam</span> <span class='ocrx_word' id='word_1_1033' title='bbox 2373 2431 2446 2462; x_wconf 79' lang='lat' dir='ltr'>par-</span> 
     </span>
     <span class='ocr_line' id='line_1_259' title="bbox 1939 2465 2445 2506; baseline -0.002 -9"><span class='ocrx_word' id='word_1_1034' title='bbox 1939 2474 2003 2497; x_wconf 92' lang='lat' dir='ltr'>tem</span> <span class='ocrx_word' id='word_1_1035' title='bbox 2017 2475 2149 2496; x_wconf 91' lang='lat' dir='ltr'>suorum</span> <span class='ocrx_word' id='word_1_1036' title='bbox 2159 2472 2373 2506; x_wconf 89' lang='lat' dir='ltr'>proventuum</span> <span class='ocrx_word' id='word_1_1037' title='bbox 2386 2465 2445 2496; x_wconf 87' lang='lat' dir='ltr'>Le-</span> 
     </span>
     <span class='ocr_line' id='line_1_260' title="bbox 1937 2508 2445 2544; baseline -0.002 -4"><span class='ocrx_word' id='word_1_1038' title='bbox 1937 2510 2036 2541; x_wconf 90' lang='lat' dir='ltr'>viticis</span> <span class='ocrx_word' id='word_1_1039' title='bbox 2065 2510 2192 2544; x_wconf 86' lang='lat' dir='ltr'>darent,</span> <span class='ocrx_word' id='word_1_1040' title='bbox 2217 2516 2253 2540; x_wconf 90' lang='lat' dir='ltr'>ut</span> <span class='ocrx_word' id='word_1_1041' title='bbox 2274 2508 2445 2539; x_wconf 87' lang='lat' dir='ltr'>honorabi-</span> 
     </span>
     <span class='ocr_line' id='line_1_261' title="bbox 1937 2553 2445 2593; baseline -0.002 -8"><span class='ocrx_word' id='word_1_1042' title='bbox 1937 2555 1998 2585; x_wconf 91' lang='lat' dir='ltr'>lius</span> <span class='ocrx_word' id='word_1_1043' title='bbox 2020 2554 2170 2589; x_wconf 83' lang='lat' dir='ltr'>viverent,</span> <span class='ocrx_word' id='word_1_1044' title='bbox 2198 2561 2228 2584; x_wconf 88' lang='lat' dir='ltr'>et</span> <span class='ocrx_word' id='word_1_1045' title='bbox 2251 2553 2326 2593; x_wconf 79' lang='lat' dir='ltr'>quia</span> <span class='ocrx_word' id='word_1_1046' title='bbox 2349 2553 2445 2585; x_wconf 77' lang='lat' dir='ltr'>etiam</span> 
     </span>
     <span class='ocr_line' id='line_1_262' title="bbox 1938 2597 2447 2639; baseline -0.002 -10"><span class='ocrx_word' id='word_1_1047' title='bbox 1938 2598 2035 2639; x_wconf 88' lang='lat' dir='ltr'>aliqui</span> <span class='ocrx_word' id='word_1_1048' title='bbox 2052 2608 2107 2638; x_wconf 70' lang='lat' dir='ltr'>per</span> <span class='ocrx_word' id='word_1_1049' title='bbox 2123 2597 2345 2637; x_wconf 84' lang='lat' dir='ltr'>negligentiam</span> <span class='ocrx_word' id='word_1_1050' title='bbox 2358 2603 2447 2628; x_wconf 87' lang='lat' dir='ltr'>erant</span> 
     </span>
     <span class='ocr_line' id='line_1_263' title="bbox 1938 2638 2442 2682; baseline -0.006 -9"><span class='ocrx_word' id='word_1_1051' title='bbox 1938 2650 2182 2682; x_wconf 87' lang='lat' dir='ltr'>transgressores</span> <span class='ocrx_word' id='word_1_1052' title='bbox 2363 2638 2442 2682; x_wconf 78' lang='lat' dir='ltr'><strong><em>¹⁶su-</em></strong></span> 
     </span>
     <span class='ocr_line' id='line_1_264' title="bbox 1938 2685 2444 2726; baseline -0.004 -9"><span class='ocrx_word' id='word_1_1053' title='bbox 1938 2688 2015 2718; x_wconf 82' lang='lat' dir='ltr'>turi.</span> <span class='ocrx_word' id='word_1_1054' title='bbox 2036 2686 2129 2717; x_wconf 88' lang='lat' dir='ltr'>Unde</span> <span class='ocrx_word' id='word_1_1055' title='bbox 2138 2685 2347 2726; x_wconf 77' lang='lat' dir='ltr'>quantumad</span> <span class='ocrx_word' id='word_1_1056' title='bbox 2364 2685 2444 2716; x_wconf 60' lang='grc' dir='ltr'><em>[Ἰάε-</em></span> 
     </span>
     <span class='ocr_line' id='line_1_265' title="bbox 1938 2729 2442 2769; baseline -0.004 -7"><span class='ocrx_word' id='word_1_1057' title='bbox 1938 2732 2140 2762; x_wconf 86' lang='lat' dir='ltr'>cimationem</span> <span class='ocrx_word' id='word_1_1058' title='bbox 2165 2729 2306 2760; x_wconf 78' lang='lat' dir='ltr'>decimae</span> <span class='ocrx_word' id='word_1_1059' title='bbox 2334 2729 2442 2769; x_wconf 83' lang='lat' dir='ltr'>partis,</span> 
     </span>
     <span class='ocr_line' id='line_1_266' title="bbox 1938 2772 2444 2814; baseline -0.002 -9"><span class='ocrx_word' id='word_1_1060' title='bbox 1938 2782 2003 2805; x_wconf 87' lang='lat' dir='ltr'>erat</span> <span class='ocrx_word' id='word_1_1061' title='bbox 2032 2774 2195 2805; x_wconf 85' lang='lat' dir='ltr'>iudiciale:</span> <span class='ocrx_word' id='word_1_1062' title='bbox 2228 2772 2362 2814; x_wconf 71' lang='lat' dir='ltr'>sicutet</span> <span class='ocrx_word' id='word_1_1063' title='bbox 2384 2773 2444 2804; x_wconf 84' lang='lat' dir='ltr'>alia</span> 
     </span>
     <span class='ocr_line' id='line_1_267' title="bbox 1938 2814 2444 2858; baseline -0.004 -9"><span class='ocrx_word' id='word_1_1064' title='bbox 1938 2819 2038 2849; x_wconf 85' lang='lat' dir='ltr'>multa</span> <span class='ocrx_word' id='word_1_1065' title='bbox 2062 2817 2236 2858; x_wconf 87' lang='lat' dir='ltr'>specialiter</span> <span class='ocrx_word' id='word_1_1066' title='bbox 2257 2817 2291 2847; x_wconf 87' lang='lat' dir='ltr'>in</span> <span class='ocrx_word' id='word_1_1067' title='bbox 2304 2814 2371 2848; x_wconf 78' lang='lat' dir='ltr'>mo&#39;</span> <span class='ocrx_word' id='word_1_1068' title='bbox 2385 2827 2444 2858; x_wconf 90' lang='lat' dir='ltr'>po-</span> 
     </span>
     <span class='ocr_line' id='line_1_268' title="bbox 1938 2861 2443 2903; baseline 0.004 -10"><span class='ocrx_word' id='word_1_1069' title='bbox 1938 2863 2017 2903; x_wconf 90' lang='lat' dir='ltr'>pulo</span> <span class='ocrx_word' id='word_1_1070' title='bbox 2041 2862 2183 2893; x_wconf 87' lang='lat' dir='ltr'>instituta</span> <span class='ocrx_word' id='word_1_1071' title='bbox 2215 2868 2303 2892; x_wconf 84' lang='lat' dir='ltr'>erant</span> <span class='ocrx_word' id='word_1_1072' title='bbox 2327 2861 2369 2893; x_wconf 81' lang='lat' dir='ltr'>ad</span> <span class='ocrx_word' id='word_1_1073' title='bbox 2389 2871 2443 2895; x_wconf 77' lang='lat' dir='ltr'>ae·</span> 
     </span>
     <span class='ocr_line' id='line_1_269' title="bbox 1939 2905 2445 2948; baseline 0.002 -11"><span class='ocrx_word' id='word_1_1074' title='bbox 1939 2906 2124 2948; x_wconf 80' lang='lat' dir='ltr'>qualitatem</span> <span class='ocrx_word' id='word_1_1075' title='bbox 2146 2906 2227 2936; x_wconf 90' lang='lat' dir='ltr'>inter</span> <span class='ocrx_word' id='word_1_1076' title='bbox 2241 2905 2388 2942; x_wconf 74' lang='lat' dir='ltr'>homines</span> <span class='ocrx_word' id='word_1_1077' title='bbox 2401 2906 2445 2940; x_wconf 75' lang='lat' dir='ltr'>ad</span> 
     </span>
     <span class='ocr_line' id='line_1_270' title="bbox 1938 2947 2443 2982; baseline -0.002 -1"><span class='ocrx_word' id='word_1_1078' title='bbox 1938 2951 2073 2981; x_wconf 90' lang='lat' dir='ltr'>invicem</span> <span class='ocrx_word' id='word_1_1079' title='bbox 2097 2950 2344 2981; x_wconf 80' lang='lat' dir='ltr'>conservandam</span> <span class='ocrx_word' id='word_1_1080' title='bbox 2369 2947 2443 2982; x_wconf 53' lang='lat'>¹⁸3?-</span> 
     </span>
     <span class='ocr_line' id='line_1_271' title="bbox 1939 2993 2442 3034; baseline -0.002 -8"><span class='ocrx_word' id='word_1_1081' title='bbox 1939 2995 2077 3026; x_wconf 83' lang='lat' dir='ltr'>cundum</span> <span class='ocrx_word' id='word_1_1082' title='bbox 2092 2994 2208 3034; x_wconf 81' lang='lat' dir='ltr'>populi</span> <span class='ocrx_word' id='word_1_1083' title='bbox 2229 2994 2318 3025; x_wconf 83' lang='lat' dir='ltr'>illius</span> <span class='ocrx_word' id='word_1_1084' title='bbox 2335 2993 2442 3025; x_wconf 68' lang='lat' dir='ltr'>condi-</span> 
     </span>
     <span class='ocr_line' id='line_1_272' title="bbox 1938 3038 2440 3078; baseline -0.004 -8"><span class='ocrx_word' id='word_1_1085' title='bbox 1938 3040 2065 3075; x_wconf 85' lang='lat' dir='ltr'>tionem,</span> <span class='ocrx_word' id='word_1_1086' title='bbox 2079 3047 2162 3078; x_wconf 89' lang='lat' dir='ltr'>quae</span> <span class='ocrx_word' id='word_1_1087' title='bbox 2174 3038 2292 3068; x_wconf 87' lang='lat' dir='ltr'>iudicia</span> <span class='ocrx_word' id='word_1_1088' title='bbox 2343 3047 2440 3078; x_wconf 77' lang='lat' dir='ltr'>prae-</span> 
     </span>
     <span class='ocr_line' id='line_1_273' title="bbox 1938 3082 2449 3122; baseline -0.002 -9"><span class='ocrx_word' id='word_1_1089' title='bbox 1938 3087 2028 3122; x_wconf 80' lang='lat' dir='ltr'>cepta</span> <span class='ocrx_word' id='word_1_1090' title='bbox 2040 3082 2193 3112; x_wconf 84' lang='lat' dir='ltr'>dicuntur</span> <span class='ocrx_word' id='word_1_1091' title='bbox 2199 3089 2212 3119; x_wconf 88' lang='lat'><em>;</em></span> <span class='ocrx_word' id='word_1_1092' title='bbox 2231 3082 2304 3112; x_wconf 86' lang='lat' dir='ltr'>licet</span> <span class='ocrx_word' id='word_1_1093' title='bbox 2315 3083 2449 3122; x_wconf 40' lang='lat' dir='ltr'>exco‘nffi</span> 
     </span>
     <span class='ocr_line' id='line_1_274' title="bbox 1937 3125 2444 3167; baseline -0.002 -10"><span class='ocrx_word' id='word_1_1094' title='bbox 1937 3126 2082 3166; x_wconf 86' lang='lat' dir='ltr'>sequenti</span> <span class='ocrx_word' id='word_1_1095' title='bbox 2093 3125 2216 3166; x_wconf 81' lang='lat' dir='ltr'>aliquid</span> <span class='ocrx_word' id='word_1_1096' title='bbox 2226 3126 2444 3167; x_wconf 63' lang='lat' dir='ltr'>significarent</span> 
     </span>
     <span class='ocr_line' id='line_1_275' title="bbox 1937 3169 2449 3205; baseline 0.002 -6"><span class='ocrx_word' id='word_1_1097' title='bbox 1937 3170 1969 3200; x_wconf 80' lang='lat' dir='ltr'>in</span> <span class='ocrx_word' id='word_1_1098' title='bbox 1994 3170 2155 3205; x_wconf 84' lang='lat' dir='ltr'>futurum,</span> <span class='ocrx_word' id='word_1_1099' title='bbox 2180 3169 2260 3200; x_wconf 87' lang='lat' dir='ltr'>sicut</span> <span class='ocrx_word' id='word_1_1100' title='bbox 2278 3177 2310 3200; x_wconf 89' lang='lat' dir='ltr'>et</span> <span class='ocrx_word' id='word_1_1101' title='bbox 2333 3169 2449 3200; x_wconf 81' lang='lat' dir='ltr'>omnia.</span> 
     </span>
     <span class='ocr_line' id='line_1_276' title="bbox 1939 3213 2442 3250; baseline 0.002 -7"><span class='ocrx_word' id='word_1_1102' title='bbox 1939 3214 2106 3244; x_wconf 70' lang='lat' dir='ltr'>muliorum</span> <span class='ocrx_word' id='word_1_1103' title='bbox 2133 3213 2229 3250; x_wconf 87' lang='lat' dir='ltr'>facta,</span> <span class='ocrx_word' id='word_1_1104' title='bbox 2265 3213 2442 3244; x_wconf 80' lang='lat' dir='ltr'>secundum</span> 
     </span>
     <span class='ocr_line' id='line_1_277' title="bbox 1938 3257 2443 3288; baseline 0 -1"><span class='ocrx_word' id='word_1_1105' title='bbox 1938 3257 2016 3288; x_wconf 91' lang='lat' dir='ltr'>illud</span> <span class='ocrx_word' id='word_1_1106' title='bbox 2041 3258 2052 3288; x_wconf 93' lang='lat'>1</span> <span class='ocrx_word' id='word_1_1107' title='bbox 2070 3258 2109 3287; x_wconf 84' lang='lat' dir='ltr'>ad</span> <span class='ocrx_word' id='word_1_1108' title='bbox 2125 3258 2201 3288; x_wconf 90' lang='lat' dir='ltr'>Cor.</span> <span class='ocrx_word' id='word_1_1109' title='bbox 2214 3266 2250 3287; x_wconf 86' lang='lat' dir='ltr'>x:</span> <span class='ocrx_word' id='word_1_1110' title='bbox 2270 3257 2389 3288; x_wconf 83' lang='lat' dir='ltr'>Omnia</span> <span class='ocrx_word' id='word_1_1111' title='bbox 2408 3257 2443 3288; x_wconf 73' lang='lat' dir='ltr'>in</span> 
     </span>
     <span class='ocr_line' id='line_1_278' title="bbox 1937 3301 2441 3341; baseline 0 -9"><span class='ocrx_word' id='word_1_1112' title='bbox 1937 3301 2072 3341; x_wconf 87' lang='lat' dir='ltr'>figuram</span> <span class='ocrx_word' id='word_1_1113' title='bbox 2106 3301 2330 3341; x_wconf 80' lang='lat' dir='ltr'>contingebant</span> <span class='ocrx_word' id='word_1_1114' title='bbox 2361 3301 2441 3338; x_wconf 87' lang='lat' dir='ltr'>illis;</span> 
     </span>
     <span class='ocr_line' id='line_1_279' title="bbox 1937 3345 2442 3386; baseline -0.002 -10"><span class='ocrx_word' id='word_1_1115' title='bbox 1937 3346 1969 3376; x_wconf 89' lang='lat' dir='ltr'>in</span> <span class='ocrx_word' id='word_1_1116' title='bbox 2004 3355 2071 3386; x_wconf 89' lang='lat' dir='ltr'>quo</span> <span class='ocrx_word' id='word_1_1117' title='bbox 2106 3345 2335 3376; x_wconf 87' lang='lat' dir='ltr'>conveniebant</span> <span class='ocrx_word' id='word_1_1118' title='bbox 2366 3355 2442 3376; x_wconf 87' lang='lat' dir='ltr'>cum</span> 
     </span>
     <span class='ocr_line' id='line_1_280' title="bbox 1938 3389 2441 3430; baseline -0.002 -10"><span class='ocrx_word' id='word_1_1119' title='bbox 1938 3389 2219 3420; x_wconf 85' lang='lat' dir='ltr'>caeremonialibus</span> <span class='ocrx_word' id='word_1_1120' title='bbox 2257 3389 2441 3430; x_wconf 79' lang='lat' dir='ltr'>praeceptis,</span> 
     </span>
     <span class='ocr_line' id='line_1_281' title="bbox 1937 3433 2442 3475; baseline 0 -12"><span class='ocrx_word' id='word_1_1121' title='bbox 1937 3443 2019 3475; x_wconf 79' lang='lat' dir='ltr'>quae</span> <span class='ocrx_word' id='word_1_1122' title='bbox 2054 3433 2266 3473; x_wconf 86' lang='lat' dir='ltr'>principaliter</span> <span class='ocrx_word' id='word_1_1123' title='bbox 2299 3433 2442 3464; x_wconf 76' lang='lat' dir='ltr'>instituta</span> 
     </span>
     <span class='ocr_line' id='line_1_282' title="bbox 1937 3476 2442 3517; baseline -0.002 -8"><span class='ocrx_word' id='word_1_1124' title='bbox 1937 3484 2024 3509; x_wconf 81' lang='lat' dir='ltr'>erant</span> <span class='ocrx_word' id='word_1_1125' title='bbox 2053 3477 2093 3507; x_wconf 88' lang='lat' dir='ltr'>ad</span> <span class='ocrx_word' id='word_1_1126' title='bbox 2123 3476 2364 3517; x_wconf 85' lang='lat' dir='ltr'>significandum</span> <span class='ocrx_word' id='word_1_1127' title='bbox 2387 3477 2442 3508; x_wconf 85' lang='lat' dir='ltr'>ali·</span> 
     </span>
     <span class='ocr_line' id='line_1_283' title="bbox 1936 3520 2443 3562; baseline 0.002 -11"><span class='ocrx_word' id='word_1_1128' title='bbox 1936 3521 2014 3562; x_wconf 91' lang='lat' dir='ltr'>quid</span> <span class='ocrx_word' id='word_1_1129' title='bbox 2025 3520 2179 3552; x_wconf 85' lang='lat' dir='ltr'>futurum.</span> <span class='ocrx_word' id='word_1_1130' title='bbox 2201 3521 2293 3552; x_wconf 88' lang='lat' dir='ltr'>Unde</span> <span class='ocrx_word' id='word_1_1131' title='bbox 2312 3528 2343 3552; x_wconf 90' lang='lat' dir='ltr'>et</span> <span class='ocrx_word' id='word_1_1132' title='bbox 2353 3531 2443 3562; x_wconf 85' lang='lat' dir='ltr'>prae-</span> 
     </span>
    </p>
   </div>
  </div>
 </body>
</html>
