2860 4244
207 810 217 821 ·
232 809 298 831 Vei-s.
312 815 347 836 ²9-

210 1019 218 1028 ·
232 1018 281 1038 Art.
297 1022 314 1042 ις
330 1019 372 1037 art.
386 1022 409 1041 4.

211 1972 220 1981 ⁵
234 1970 299 1991 vers.
315 1976 335 1991 2.

307 2019 320 2043 δ

210 2075 338 2096 ’Lomb.ex
344 2075 404 2102 Aug.

311 2188 320 2203 Ε

234 2543 290 2570 Cap.
307 2548 322 2563 x

216 3505 226 3516 ⁸
236 3505 271 3527 Cf.
283 3511 346 3527 num.
361 3511 385 3526 u.

448 311 521 357 390

443 388 506 424 stis
525 387 616 424 illud
633 399 706 423 non
737 392 778 422 ut
802 387 957 422 verbum
980 384 1186 426 hominum,
1206 382 1281 426 sed,
1300 381 1396 416 sicut
1411 390 1499 416 vere

445 446 513 486 est,
542 441 697 476 verbum
730 439 812 475 Dei.
849 439 949 484 Ergo
985 436 1077 472 sicut
1110 436 1194 471 Deo
1229 434 1342 470 debet
1379 433 1498 468 homo

445 493 483 530 in
512 492 689 528 omnibus
717 490 884 535 obedire,
915 490 963 525 ita
993 488 1103 524 etiam
1134 495 1170 523 et
1197 485 1383 534 praelatis.

501 546 533 581 3.
556 546 786 589 PRAETEREA,
810 543 905 578 sicut
932 540 1093 588 religiosi
1121 539 1337 588 profitendo
1357 545 1501 574 vovent

446 597 652 634 castitatem
691 604 726 631 et
762 602 1044 643 paupertatem,
1074 592 1123 629 ita
1157 600 1192 627 et
1230 590 1498 627 obedientiam.

447 649 522 686 Sed
543 649 735 696 religiosus
755 655 901 684 tenetur
928 654 1112 694 quantum
1132 645 1179 681 ad
1200 644 1330 680 omnia
1349 654 1499 680 servare

446 702 650 738 castitatem
681 708 716 736 et
743 707 1016 749 paupertatem.
1056 699 1158 744 Ergo
1187 697 1355 733 similiter
1383 708 1500 744 quan-

445 763 525 791 tum
555 754 603 791 ad
631 753 758 790 omnia
787 760 934 789 tenetur
951 750 966 781 β
995 750 1163 787 obedire.

499 807 572 842 SED
592 817 737 843 CONTRA
756 817 821 841 EST
844 805 948 852 quod
978 803 1109 840 dicitur
1127 803 1209 839 Act.
1229 814 1253 838 v
1270 801 1310 838 *ε
1345 800 1501 838 Obedire

1132 302 1398 350 QUAESTIO
1428 301 1529 346 ειν,

445 864 586 907 oportet
613 860 694 894 Deo
723 858 846 907 magis
874 869 988 905 quam
1015 856 1237 893 hominibus.
1277 854 1353 891 Sed
1383 865 1499 902 quan-

445 912 572 959 doque
598 918 800 960 praecepta
820 911 1075 958 praelatorum
1105 915 1191 945 sunt
1210 915 1341 944 contra
1359 908 1499 944 Deum.

445 965 546 1011 Ergo
575 976 652 1000 non
680 963 717 999 in
746 963 924 1000 omnibus
943 962 1117 1011 praelatis
1146 969 1201 998 est
1229 960 1499 997 obediendum.

497 1018 721 1053 RESPONDEO
749 1027 941 1061 DICENDUM
962 1015 1077 1064 quod,
1100 1014 1195 1050 sicut
1223 1013 1364 1050 dicturn
1395 1020 1450 1048 est
1469 1012 1499 1059 ³⁸,

444 1069 626 1106 obediens
647 1077 824 1105 movetur
838 1068 886 1105 ad
906 1067 1108 1116 imperium
1129 1065 1389 1115 praecipientis
1409 1077 1500 1113 qua-

445 1122 532 1158 dam
561 1121 782 1158 necessitate
809 1121 982 1167 iustitiae,
1004 1121 1099 1157 sicut
1127 1131 1186 1156 res
1215 1118 1391 1155 naturalis
1420 1130 1501 1154 mo·

442 1182 554 1211 vetur
581 1186 626 1211 ex
653 1174 790 1211 virtute
820 1174 877 1210 sui
906 1173 1064 1210 motoris
1083 1172 1303 1209 necessitate
1332 1179 1499 1208 naturae.

445 1227 561 1273 Quod
589 1234 717 1264 autem
747 1227 871 1275 aliqua
899 1239 958 1263 res
986 1225 1163 1263 naturalis
1192 1237 1269 1261 non
1302 1232 1502 1261 moveatur

444 1293 466 1316 a
494 1293 564 1317 suo
594 1288 754 1326 motore,
781 1287 905 1328 potest
933 1279 1149 1326 contingere
1178 1277 1384 1326 dupliciter.
1414 1277 1500 1314 Uno

444 1333 574 1379 modo,
595 1340 750 1382 propter
777 1331 1091 1380 impedimentum
1120 1331 1225 1378 quod
1254 1330 1430 1379 provenit
1458 1341 1502 1366 ex

444 1385 588 1422 fortiori
615 1386 752 1422 virtute
789 1385 939 1421 alterius
977 1384 1187 1421 moventis:
1228 1383 1323 1419 sicut
1359 1383 1501 1430 lignum

444 1451 521 1475 non
551 1438 785 1474 comburitur
813 1438 860 1474 ab
888 1437 973 1485 igne
1003 1438 1032 1474 si
1060 1436 1191 1474 fortior
1209 1436 1266 1472 vis
1295 1448 1416 1484 aquae
1435 1436 1503 1472 im-

443 1491 579 1539 pediat.
607 1491 691 1527 Alio
721 1490 852 1536 modo,
874 1502 918 1526 ex
939 1490 1085 1527 defectu
1106 1489 1247 1526 ordinis
1275 1489 1427 1526 mobilis
1456 1490 1502 1526 ad

444 1551 646 1590 motorem,
668 1543 758 1591 quia
786 1543 854 1580 etsi
883 1542 1099 1580 subiiciatur
1119 1542 1200 1579 eius
1219 1542 1357 1578 actioni
1386 1554 1504 1591 quan-

444 1605 524 1633 tum
553 1597 600 1633 ad
628 1596 780 1645 aliquid,
809 1608 887 1633 non
915 1604 1044 1633 tamen
1071 1603 1256 1643 quantum
1286 1595 1333 1632 ad
1354 1595 1502 1632 omnia:

444 1647 539 1686 sicut
566 1651 706 1686 humor
734 1650 964 1697 quandoque
995 1648 1189 1686 subiicitur
1208 1647 1344 1685 actioni
1371 1647 1503 1685 caloris

445 1710 629 1750 quantum
659 1702 706 1738 ad
735 1702 910 1748 calefieri,
940 1713 1018 1739 non
1048 1709 1176 1738 autem
1197 1706 1212 1728 Υ
1241 1708 1427 1748 quantum
1456 1701 1502 1737 ad

446 1755 623 1792 exsiccari
652 1755 732 1791 sive
770 1754 956 1791 consumi.

498 1809 547 1844 Et
572 1807 739 1844 similiter
767 1819 811 1843 ex
841 1807 990 1844 duobus
1009 1814 1134 1855 potest
1162 1806 1377 1854 contingere
1399 1807 1503 1854 quod

447 1861 617 1897 subditus
645 1873 714 1897 suo
744 1860 927 1908 superiori
955 1871 1033 1896 non
1061 1867 1232 1896 teneatur
1255 1859 1293 1895 in
1325 1860 1503 1896 omnibus

447 1913 614 1950 obedire.
634 1914 722 1951 Uno
739 1913 870 1959 modo,
893 1920 1048 1962 propter
1075 1920 1322 1960 praeceptum
1351 1912 1503 1949 maioris

446 1966 649 2015 potestatis.
673 1967 722 2003 Ut
742 1966 842 2002 enim
863 1965 996 2003 dicitur
1010 1966 1121 2002 Rom.
1142 1977 1216 2012 x111,
1233 1977 1348 2013 super
1366 1965 1457 2002 illud
1471 1965 1502 2013 ⁹⁸,

450 2020 524 2061 Qui
541 2019 722 2065 resistunt,
752 2019 822 2066 ipsi
838 2016 851 2040 δ
877 2019 948 2055 sibi
974 2019 1253 2055 damnationem
1282 2019 1502 2066 acquirunt,

447 2072 533 2109 dicit
549 2072 683 2108 Glossa
692 2073 712 2093 *
719 2085 727 2107 :
748 2072 789 2108 Si
801 2071 890 2119 quid
903 2071 1050 2108 iusserit
1061 2076 1227 2117 curator,
1243 2072 1427 2119 numquid
1440 2072 1505 2108 tibi

443 2125 658 2168 faciendum
679 2131 731 2161 est
747 2125 780 2160 si
797 2130 927 2160 contra
939 2124 1206 2172 proconsulem
1230 2124 1385 2161 iubeat?
1402 2125 1503 2162 Rur-

444 2190 539 2223 sum,
559 2178 592 2214 si
609 2177 699 2226 quid
716 2178 792 2225 ipse
810 2182 822 2198 ⁸
835 2177 1042 2225 proconsul
1060 2177 1194 2223 iubeat,
1215 2182 1250 2213 et
1268 2177 1374 2214 aliud
1390 2178 1503 2226 impe-

445 2236 560 2276 rator,
590 2230 772 2278 numquid
796 2230 996 2276 dubitatur,
1022 2230 1083 2266 illo
1112 2236 1331 2278 contempto,
1348 2230 1402 2267 illi
1427 2243 1505 2268 esse

443 2283 706 2320 serviendum?
726 2284 846 2332 Ergo,
870 2284 903 2320 si
921 2283 1026 2320 aliud
1043 2284 1258 2331 imperator,
1280 2283 1385 2320 aliud
1401 2285 1505 2321 Deus

445 2337 586 2382 iubeat,
615 2341 822 2384 contempto
851 2336 929 2382 illo,
959 2337 1291 2385 obtemperandum
1329 2342 1383 2373 est
1407 2338 1502 2374 Deo.

498 2388 582 2426 Alio
612 2389 742 2433 modo,
765 2401 843 2426 non
871 2396 1019 2426 tenetur
1047 2389 1200 2426 inferior
1219 2402 1289 2426 suo
1320 2390 1505 2439 superiori

446 2442 617 2488 obedire,
647 2441 677 2479 si
707 2442 740 2478 ei
769 2441 910 2490 aliquid
937 2442 1143 2493 praecipiat
1176 2442 1215 2479 in
1252 2455 1330 2491 quo
1364 2442 1398 2479 ei
1427 2455 1504 2480 non

445 2495 638 2531 subdatur.
664 2495 764 2531 Dicit
783 2495 885 2531 enim
911 2496 1068 2541 Seneca,
1085 2495 1123 2532 in
1152 2496 1201 2532 Ill
1222 2496 1267 2531 de
1285 2497 1448 2543 Benefic.
1467 2496 1503 2532 *ε

444 2549 563 2584 Errat
578 2548 612 2584 si
629 2548 711 2595 quis
738 2548 927 2584 existimat
952 2549 1166 2584 servitutem
1186 2549 1222 2584 in
1243 2553 1358 2584 totum
1386 2549 1504 2585 homi-

447 2612 530 2637 nem
560 2601 791 2637 descendere.
825 2601 921 2637 Pars
957 2599 1066 2637 eius<
1095 2600 1229 2637 melior
1260 2607 1414 2648 excepta
1442 2607 1504 2638 est.

452 2654 619 2702 Corpora
639 2653 804 2690 obnoxia
822 2658 909 2689 sunt
935 2659 969 2689 et
987 2653 1174 2701 adscripta
1193 2653 1376 2690 dominis:
1401 2666 1505 2690 mens

447 2707 593 2754 quidem
622 2712 677 2743 est
700 2707 759 2742 sui
786 2706 889 2742 iuris.
923 2706 972 2742 Et
999 2706 1085 2743 ideo
1115 2706 1153 2742 in
1181 2706 1238 2742 his
1268 2718 1366 2753 quae
1394 2706 1505 2755 perti—

448 2767 536 2795 nent
564 2759 611 2796 ad
640 2759 856 2795 interiorem
877 2766 1025 2795 motum
1044 2758 1261 2804 voluntatis,
1281 2759 1399 2795 homo
1428 2772 1504 2796 non

448 2819 593 2848 tenetur
621 2811 766 2848 homini
795 2811 962 2858 obedire,
985 2812 1051 2848 sed
1081 2813 1204 2848 solum
1229 2812 1325 2848 Deo.

501 2924 525 2956 β)
546 2927 657 2949 tenetur.
675 2938 693 2943 —
712 2927 835 2949 tenentur
853 2924 998 2949 BEFHIsC.

500 2961 526 2991 γ)
546 2963 642 2984 autem.
661 2973 679 2978 -
698 2963 784 2984 tamen
805 2960 852 2984 Pa.

501 2994 524 3019 ὃ)
546 2995 677 3023 resistunt,
698 2995 757 3026 ipsi.
775 3009 792 3013 -
811 2995 861 3026 ipsi
880 2994 1007 3019 resistunt
1025 2994 1076 3025 BF,
1091 2995 1222 3027 potestati
1242 2995 1293 3020 Dei
1311 2995 1438 3021 resistunt
1454 2996 1505 3028 ipsi

450 3030 472 3054 G
492 3035 516 3054 et
534 3030 632 3053 omisso
653 3030 703 3054 Dei
722 3030 773 3058 ΡΚ,
792 3029 919 3054 resistunt
932 3030 1063 3061 potestati
1081 3031 1111 3056 L.

503 3065 523 3095 ε)
544 3064 606 3095 ipse.
623 3078 641 3082 -
660 3064 721 3089 Om.
740 3065 792 3088 PH.

1122 3128 1452 3163 Commentario.
1475 3129 1724 3164 Cardinalis
1747 3132 1947 3166 Caietam

481 3213 500 3232 x
524 3203 655 3233 articulo
678 3202 791 3243 quinto
808 3202 949 3232 eiusdem
966 3203 1283 3244 centesimaequartae
1297 3205 1501 3246 quaestionis,
1527 3204 1531 3269 Ι

455 3215 593 3286 Icollige
609 3253 752 3287 exempta
768 3246 806 3276 ab
826 3245 1002 3276 obedientia
1022 3247 1170 3282 hominis,
1191 3254 1220 3278 et
1243 3247 1314 3278 vide
1337 3258 1404 3279 esse
1427 3249 1502 3279 tria:

451 3290 563 3330 primo,
579 3290 663 3321 iussa
679 3300 696 3320 a
712 3289 881 3330 superiori,
907 3290 1056 3325 secund0,
1074 3290 1235 3320 interiores
1258 3291 1353 3321 animi
1377 3298 1502 3328 motus3

450 3334 551 3370 tertio,
577 3333 746 3374 spectantia
769 3333 808 3363 ad
832 3340 976 3363 naturam
999 3333 1149 3373 corporis.
1173 3334 1301 3364 Restare
1321 3344 1395 3374 ergo
1419 3342 1505 3375 patet

451 3378 538 3418 quod
561 3378 593 3408 in
617 3377 823 3417 dispositione
843 3384 972 3408 actuum
992 3383 1022 3407 et
1037 3386 1142 3407 rerum
1158 3377 1379 3414 humanarum,
1403 3379 1502 3409 homo

451 3421 572 3452 homini
596 3421 748 3457 subditur,
774 3421 982 3452 diversimode
1005 3421 1091 3452 iuxta
1113 3421 1248 3452 diversas
1271 3429 1449 3461 potestates.

506 3465 566 3496 Sed
589 3465 689 3495 multa
708 3465 803 3496 dubia
821 3472 990 3495 occurrunt
1012 3465 1072 3495 hic.
1096 3465 1240 3495 Primum
1255 3472 1301 3496 est
1323 3466 1362 3496 de
1377 3466 1503 3497 interio-

453 3508 537 3538 ribus
553 3508 649 3538 animi
673 3508 812 3539 motibus
827 3508 859 3538 *:
886 3518 958 3539 curn
973 3509 1112 3539 Ecclesia
1136 3509 1387 3540 excommunicet
1410 3510 1435 3540 si
1458 3509 1504 3540 in—

453 3551 585 3592 quisitor
608 3553 678 3582 odio
702 3553 750 3582 vel
773 3562 893 3589 amore,
911 3559 982 3588 etc.;
1007 3559 1037 3582 et
1055 3562 1163 3582 rursus
1180 3552 1342 3583 confessor
1357 3553 1396 3584 sit
1411 3554 1503 3584 iudex

454 3596 680 3635 cogitationum
696 3596 900 3631 occultarum,
918 3595 1109 3626 absolvendo
1127 3596 1176 3626 vel
1195 3596 1333 3636 ligando,
1350 3605 1386 3628 ut
1409 3605 1501 3637 patet.

1560 300 1857 337 ARTICULUS
1886 300 1920 335 V

1608 379 1778 415 Tenetur
1815 385 1942 415 autem
1976 378 2095 414 homo
2124 376 2271 413 homini
2305 377 2461 414 obedire
2494 378 2532 414 in
2560 377 2618 414 his

1555 443 1653 479 quae
1675 431 1836 468 exterius
1863 443 1932 480 per
1952 442 2090 478 corpus
2118 437 2204 466 sunt
2227 430 2386 478 agenda.
2419 431 2460 466 In
2479 430 2618 479 quibus

1554 492 1683 520 tamen
1713 483 1825 520 etiam
1846 489 1882 530 η,
1913 483 2124 520 secundum
2165 494 2208 519 ea
2237 494 2336 530 quae
2365 483 2414 520 ad
2443 490 2617 520 naturam
2747 490 2763 514 η

1556 536 1725 585 corporis
1761 536 1968 585 pertinent,
2005 537 2125 572 homo
2162 536 2310 572 homini
2347 535 2502 572 obedire
2540 547 2618 574 non

1555 597 1718 637 tenetur,
1748 590 1815 626 sed
1853 590 1978 626 solum
2008 590 2114 635 Deo,
2144 588 2234 637 quia
2269 600 2405 625 ornnes
2442 588 2618 625 homines

1556 650 1689 678 natura
1726 650 1813 679 sunt
1846 654 1976 690 pares:
2007 649 2097 691 puta
2130 641 2169 678 in
2205 642 2263 678 his
2299 653 2398 690 quae
2432 641 2620 690 pertinent

1556 695 1604 731 ad
1638 695 1807 742 corporis
1844 695 2158 732 sustentationem
2193 703 2229 731 et
2256 694 2374 743 prolis
2409 694 2619 742 generatio-

1556 759 1658 784 nem.
1689 747 1800 784 Unde
1829 759 1908 784 non
1935 755 2111 784 tenentur
2130 760 2200 784 nec
2220 748 2320 784 servi
2349 747 2526 794 dominis,
2548 759 2619 784 nec

1556 800 1622 837 filii
1659 800 1879 848 parentibus
1916 800 2072 837 obedire
2111 801 2159 837 de
2187 800 2434 837 matrimonio
2472 807 2619 837 contra-

1556 853 1684 890 hendo
1713 854 1775 889 vel
1802 852 2016 900 virginitate
2048 854 2251 900 servanda,
2282 861 2347 890 aut
2381 853 2509 901 aliquo
2544 853 2617 890 alio

1556 905 1786 943 huiusmodi.
1810 927 1832 934 -
1854 906 1932 942 Sed
1951 906 1989 942 in
2009 905 2067 942 his
2095 917 2195 953 quae
2213 906 2401 954 pertinent
2425 907 2473 944 ad
2493 906 2618 955 dispo-

1557 959 1733 996 sitionem
1762 966 1917 995 actuum
1951 966 1987 995 et
2014 970 2142 995 rerum
2170 959 2438 1005 humanarum,
2471 966 2620 996 tenetur
2739 971 2759 977 ”
2824 980 2860 1006 s..

1557 1012 1728 1049 subditus
1757 1024 1826 1048 suo
1856 1011 2043 1060 superiori
2071 1011 2229 1048 obedire
2256 1012 2470 1048 secundum
2507 1012 2620 1049 ratio-

1556 1077 1646 1102 nem
1674 1064 1963 1113 superioritatis:
1993 1064 2088 1101 sicut
2115 1064 2224 1101 miles
2253 1064 2339 1101 duci
2368 1064 2553 1102 exercitus
2581 1065 2620 1102 in

1556 1118 1614 1155 his
1643 1130 1742 1167 quae
1769 1118 2023 1167 pertinent-ab
2043 1118 2207 1164 bellum;
2236 1130 2370 1154 servus
2398 1117 2558 1155 domino
2581 1117 2621 1155 in

1556 1171 1613 1208 his
1642 1183 1742 1219 quae
1770 1171 1958 1220 pertinent
1986 1170 2035 1207 ad
2064 1170 2213 1208 servilia
2233 1183 2350 1219 opera
2379 1170 2620 1219 exequenda3

1557 1224 1656 1262 filius
1683 1225 1779 1273 patri
1808 1224 1846 1261 in
1874 1224 1932 1261 his
1959 1236 2058 1272 quae
2087 1224 2275 1273 pertinent
2307 1224 2355 1261 ad
2384 1223 2620 1274 disciplinam

1557 1279 1656 1314 vitae
1686 1285 1722 1314 et
1751 1289 1881 1314 curam
1908 1277 2177 1323 domesticam;
2207 1285 2244 1314 et
2271 1277 2325 1314 sic
2353 1277 2401 1314 de
2429 1277 2521 1314 aliis.

1610 1332 1669 1366 AD
1698 1341 1836 1367 PRIMUM
1854 1341 1953 1366 ERGO
1973 1342 2157 1367 mcennum
2177 1330 2283 1378 quod
2301 1331 2377 1367 hoc
2396 1329 2502 1379 quod
2515 1331 2620 1379 Apo·

1558 1384 1676 1420 stolus
1697 1382 1797 1428 dixit,
1813 1393 1885 1431 per
1912 1383 2052 1428 omnia,
2082 1382 2368 1431 intelligendum
2393 1381 2476 1420 est⁰
2500 1393 2620 1435 quau·>
2745 1387 2760 1413 0

1557 1444 1639 1473 tum
1678 1436 1727 1472 ad
1759 1436 1821 1472 illa
1850 1447 1950 1483 quae
1982 1436 2171 1484 pertinent
2205 1436 2254 1473 ad
2292 1436 2350 1473 ius
2382 1436 2527 1485 patriae
2556 1437 2622 1473 vel

1560 1488 1816 1526 dominativae
1845 1489 2051 1537 potestatis.
2355 1501 2357 1503 ’
2483 1486 2487 1490 ’
2580 1512 2582 1514 v

1611 1544 1670 1578 An
1707 1553 1898 1579 SECUNDUM
1938 1553 2122 1579 DICENDUM
2161 1541 2267 1590 quod
2303 1543 2389 1579 Deo
2427 1540 2622 1579 subiicitur
2664 1543 2666 1545 ’
2831 1535 2860 1583 .ss

1558 1596 1676 1632 homo
1697 1595 1914 1643 simpliciter
1933 1603 2117 1643 quantum
2137 1596 2186 1631 ad
2214 1595 2356 1641 omnia,
2378 1601 2415 1631 et
2440 1593 2621 1632 interiora

1560 1656 1595 1684 et
1624 1648 1826 1684 exteriora:
1861 1655 1898 1684 et
1925 1648 2012 1685 ideo
2042 1648 2081 1685 in
2110 1647 2290 1685 omnibus
2319 1648 2354 1684 ei
2382 1647 2540 1685 obedire
2568 1654 2622 1684 te·

1559 1708 1678 1738 netur.
1719 1700 1866 1738 Subditi
1905 1708 2032 1738 autem
2062 1713 2140 1738 non
2169 1700 2416 1738 subiiciuntur
2453 1700 2532 1738 suis
2558 1710 2622 1737 su·

1558 1754 1770 1802 perioribus
1799 1761 1984 1802 quantum
2014 1754 2062 1791 ad
2091 1753 2234 1801 omnia,
2261 1753 2330 1791 sed
2357 1761 2544 1802 quantum
2573 1753 2623 1790 ad

1559 1807 1683 1854 aliqua
1721 1807 1983 1844 determinate.
2020 1807 2069 1843 Et
2102 1815 2287 1856 quantum
2316 1806 2366 1844 ad
2394 1806 2474 1854 illa,
2503 1804 2624 1845 medii

1559 1868 1645 1896 sunt
1671 1859 1768 1896 inter
1790 1861 1917 1896 Deum
1948 1867 1984 1896 et
2012 1860 2195 1897 subditos.
2231 1861 2429 1907 Quantum
2466 1859 2516 1897 ad
2547 1859 2624 1897 atie

1557 1924 1663 1959 vero,
1684 1913 1904 1950 immediate
1924 1913 2139 1950 subduntur
2165 1914 2264 1960 Deo,
2285 1925 2308 1950 a
2335 1924 2413 1961 quo
2433 1912 2624 1950 instruun-

1557 1973 1618 2002 tur
1644 1978 1713 2014 per
1741 1967 1865 2013 legem
1893 1966 2106 2003 naturalem
2133 1967 2196 2003 vel
2225 1965 2416 2014 scriptam.

1610 2020 1670 2055 An
1702 2030 1862 2056 TERTuJM
1894 2031 2080 2056 DlCENDUM
2109 2019 2214 2068 quod
2250 2018 2413 2067 religiosi
2440 2017 2622 2056 obedien-

1557 2071 1648 2108 tiam
1669 2072 1894 2120 profitentur
1913 2080 2098 2122 quantum
2120 2072 2168 2109 ad
2189 2073 2400 2120 regularem
2421 2083 2624 2110 conversa-

1557 2124 1712 2171 tionem,
1731 2125 1942 2162 secundum
1960 2137 2076 2174 quam
2101 2126 2179 2162 suis
2201 2125 2377 2174 praelatis
2396 2124 2626 2166 subduntur.

1559 2178 1607 2214 Et
1634 2178 1721 2214 ideo
1750 2186 1936 2227 quantum
1972 2178 2020 2216 ad
2048 2178 2109 2215 illa
2137 2179 2220 2216 sola
2257 2177 2414 2215 obedire
2447 2176 2626 2217 tenentur

1559 2243 1658 2280 quae
1677 2239 1838 2279 possunt
1865 2233 1914 2269 ad
1943 2231 2156 2280 regularem
2177 2230 2511 2268 conversationem
2539 2243 2625 2280 per-

1558 2283 1688 2321 tinere.
1725 2285 1774 2321 Et
1801 2285 1897 2321 haec
1925 2293 1981 2322 est
2009 2284 2226 2322 obedientia
2262 2284 2454 2321 sufficiens
2489 2283 2539 2322 ad
2566 2296 2624 2322 sa-

1558 2338 1688 2374 lutem.
1719 2337 1758 2374 Si
1786 2345 1914 2374 autern
1944 2337 2055 2374 etiarn
2085 2337 2124 2374 in
2143 2337 2225 2374 aliis
2244 2337 2402 2375 obedire
2420 2337 2624 2392 voluerint,

1558 2391 1633 2427 hoc
1660 2390 1863 2439 pertinebit
1882 2391 1930 2428 ad
1951 2391 2148 2428 cumulum
2167 2389 2427 2440 perfectionis:
2459 2389 2551 2428 dum
2571 2397 2625 2430 ta-

1558 2455 1649 2480 men
1676 2443 1738 2480 illa
1765 2456 1843 2480 non
1872 2443 1944 2480 sint
1971 2450 2102 2480 contra
2128 2444 2270 2490 Deum,
2291 2451 2357 2481 aut
2376 2450 2507 2480 contra
2535 2454 2625 2492 pto-

1559 2495 1764 2533 fessionem
1802 2497 1973 2544 regulae;
2017 2495 2105 2544 quia
2141 2496 2225 2533 talis
2265 2495 2484 2533 obedientia
2526 2503 2626 2533 esset

1559 2548 1692 2585 illicita.

1614 2601 1675 2637 Sic
1714 2612 1802 2647 ergo
1837 2608 1962 2649 potest
1997 2600 2130 2649 triplex
2169 2601 2385 2638 obedientia
2423 2601 2623 2650 distingui:

1559 2666 1636 2690 una
1674 2653 1865 2690 sufficiens
1898 2653 1947 2690 ad
1975 2655 2153 2699 salutem,
2184 2666 2281 2702 quae
2317 2654 2457 2691 scilicet
2495 2652 2626 2692 obedit

1559 2706 1598 2742 in
1617 2706 1673 2742 his
1693 2707 1741 2742 ad
1762 2718 1858 2754 quae
1879 2706 2083 2754 obligatur;
2113 2706 2184 2743 alia
2213 2707 2391 2755 perfecta,
2413 2719 2512 2755 quae
2533 2707 2625 2744 obe-

1561 2758 1614 2796 dit
1639 2759 1677 2796 in
1704 2758 1883 2796 omnibus
1902 2759 2025 2805 licitis;
2055 2759 2126 2796 alia
2145 2759 2359 2807 indiscreta,
2380 2773 2479 2809 quae
2509 2760 2624 2799 etiam

1558 2811 1596 2848 in
1624 2811 1757 2849 illicitis
1786 2811 1929 2849 obedit.

1611 2925 1636 2958 ζ)
1656 2926 1724 2950 Pars
1742 2926 1806 2951 eius.
1824 2940 1843 2944 -
1861 2929 1887 2951 et
1900 2933 1969 2958 pars
1987 2926 2043 2951 eius
2061 2926 2102 2951 ed.
2120 2933 2146 2954 a,
2166 2926 2234 2951 Pars
2252 2926 2322 2951 enim
2342 2926 2371 2952 P.

1587 2990 1589 2992 q
1611 2961 1638 2993 η)
1657 2961 1746 2986 etiam.
1766 2975 1783 2979 —
1801 2965 1841 2986 est
1860 2961 2031 2993 ABEFIKpc‚
2050 2969 2103 2986 om.
2124 2961 2251 2986 PDGLsC
2270 2967 2295 2986 et
2313 2969 2340 2986 a.

1612 2994 1636 3028 Θ)
1656 2997 1756 3021 dixit...
1776 3000 1822 3021 est.
1841 3011 1861 3015 -
1879 2997 1954 3022 dixit
1972 2997 2050 3028 (dicit
2069 2997 2100 3028 P)
2121 2997 2321 3030 intelligendum
2340 3000 2380 3022 est
2395 3004 2447 3029 per
2464 2997 2556 3022 omnia
2571 2997 2628 3027 1³⁶3

1559 3031 1625 3056 dicit
1644 3032 1720 3056 etiam
1740 3032 1837 3057 BCKL.

1612 3206 1796 3238 Secundum
1819 3213 1865 3238 est
1888 3207 1927 3237 de
1950 3207 2165 3247 spectantibus
2188 3208 2228 3238 ad
2251 3215 2398 3239 naturam
2423 3206 2622 3253 corporis&

1555 3249 1639 3280 Nam
1653 3249 1798 3281 videmus
1810 3251 1983 3281 Ecclesiam
1999 3252 2178 3292 praecipere
2191 3252 2229 3282 de
2242 3251 2382 3283 alimenti
2397 3248 2622 3297 privationeufn

1556 3300 1723 3333 praecepto
1738 3293 1858 3324 ieiunii.
1890 3293 2025 3325 Constat
2048 3302 2155 3326 autern
2182 3297 2271 3336 quod
2295 3291 2623 3337 alimentum'specta't

1557 3335 1596 3366 ad
1620 3343 1766 3367 naturam
1790 3338 1948 3377 corporis,
1972 3338 2046 3378 plus
2069 3349 2167 3380 quam
2198 3339 2374 3380 generatio:
2398 3343 2520 3398 quanto
2545 3338 2622 3371 'con—

1557 3380 1690 3430 servatio
1721 3380 1874 3411 individui
1898 3382 2071 3413 naturalior
2093 3390 2141 3414 est
2159 3383 2276 3424 cuique
2298 3393 2397 3425 quam
2424 3384 2620 3415 conservatio

1557 3433 1681 3464 speciei.
2436 3449 2438 3451 >

1613 3468 1649 3499 11.
1674 3468 1725 3498 Ad
1746 3468 1887 3508 primum
1901 3469 2019 3500 horum
2042 3470 2156 3502 dicitur
2170 3471 2260 3513 quod
2275 3478 2364 3507 nctus
2377 3471 2541 3502 interiores
2561 3472 2620 3503 du-

1556 3510 1677 3550 pliciter
1699 3512 1912 3543 inveniuntur.
1942 3513 2075 3550 Scilicet,
2099 3515 2276 3545 secundum
2298 3525 2332 3546 oe
2355 3521 2496 3546 tantum:
2522 3522 2553 3546 et
2576 3516 2620 3547 sic

1557 3564 1622 3584 non
1650 3555 1860 3587 subiiciuntur
1889 3557 2007 3588 iudicio
2039 3558 2200 3594 humanm
2228 3559 2314 3591 iuxta
2343 3558 2423 3588 illud
2452 3560 2619 3599 Apostoli,

1557 3598 1568 3628 1
1582 3599 1624 3629 ad
1638 3599 1711 3630 Cor.
1725 3610 1755 3629 tv
1768 3600 1798 3630 *:
1816 3601 1922 3631 Nolite
1938 3607 2012 3631 ante
2028 3607 2151 3642 tempus
2170 3602 2330 3634 iudicare:
2345 3602 2446 3634 donec
2460 3603 2620 3635 Dominus
2646 3609 2658 3621 ⁴
2671 3609 2739 3632 Van.
2753 3614 2775 3637 s·

2649 3215 2793 3238 ’Cf-num*
