2860 4244
63 723 273 773 033er

988 291 1254 338 QUAEST10
1284 291 1386 339 xm,

295 368 455 410 iniuriam,
478 372 534 402 sed
556 378 671 412 putans
691 371 861 402 vanitatem
883 370 1090 401 solummodo
1114 370 1146 399 in
1170 369 1356 400 huiusmodi

295 412 499 452 intervenire,
523 422 554 446 et
583 425 620 446 ex
641 415 828 446 huiusmodi
850 414 1027 454 ignorantia
1049 413 1169 454 ingerat
1198 413 1354 454 pulsando

295 469 376 491 vana
403 459 617 490 delectationis
650 469 743 490 causa
773 457 868 501 (sicut
897 458 992 490 etiam
1023 457 1253 498 praedicatores
1275 467 1356 488 vana

296 503 402 544 aliqua
424 503 505 534 inter
527 503 774 543 praedicandum
795 501 984 539 immiscent,
1008 509 1074 532 non
1095 508 1246 542 tanquam
1269 511 1357 542 prae-

297 547 462 584 dicatores,
479 548 533 578 sed
550 556 702 587 personae
722 546 869 586 privatae,
884 555 983 576 vanae
1002 545 1216 576 delectationis
1235 543 1356 587 gratia),

297 591 368 622 talis
391 601 457 622 non
473 591 533 622 nisi
557 590 756 622 materialiter
771 589 1028 630 superstitionem
1043 589 1228 620 committit:
1254 596 1284 619 et
1307 599 1358 619 ex-

299 642 426 667 cusatur
447 646 466 666 a
479 635 606 666 mortali
621 633 850 674 superstitiose,
875 643 912 664 ex
934 643 1000 674 quo
1024 639 1150 673 paratus
1167 640 1241 669 erat,
1262 633 1287 663 si
1304 643 1356 663 co-

298 679 468 719 gnovisset,
491 689 558 709 non
579 685 702 719 patrare
724 677 787 708 hoc
809 676 946 712 facinus;
970 676 1052 708 sicut
1075 677 1113 707 de
1129 676 1196 707 aliis
1211 676 1359 717 superstif

298 722 439 754 tionibus
461 722 578 762 ignotis
599 721 728 752 inferius
743 721 761 740 '⁸‘
783 720 913 751 dicetur.

355 769 385 798 A
407 765 592 807 gravissimo
615 772 720 796 tamen
744 771 884 806 peccato,
909 771 940 796 et
962 763 1042 795 forte
1057 764 1182 795 mortali
1198 763 1358 803 sacrilegii,

300 816 366 841 non
389 815 555 840 excusatur
571 809 628 850 qui
643 818 681 839 ex
694 808 870 839 intentione
888 808 969 839 inter
986 807 1092 839 divina
1110 808 1266 839 immiscet
1288 806 1360 838 talia

300 853 462 885 mundana
484 863 576 894 quae,
599 853 627 883 si
648 852 751 884 verbis
773 852 959 893 exprimeret
980 852 1114 890 ibidem,
1138 852 1245 883 nullus
1268 859 1362 882 excu-
1386 855 1388 870 ³

300 903 382 928 saret
403 907 422 927 a
443 897 579 928 mortali.
603 897 644 928 Et
665 897 826 928 reducitur
848 897 910 928 hoc
929 896 1047 928 crimen
1066 897 1107 927 ad
1122 906 1193 927 eam
1209 894 1361 935 sacrilegii

300 940 438 982 speciem
465 951 529 982 qua
551 941 645 972 rebus
668 941 762 972 sacris
784 941 898 972 iniuria
919 940 970 977 fit,
996 941 1116 972 utendo
1140 940 1250 971 divino
1273 939 1362 981 cultu

301 985 334 1023 in
356 985 416 1016 hac
437 991 525 1026 parte
548 991 584 1016 ut
607 995 639 1016 re
663 985 801 1026 quadam
812 994 883 1024 'non
899 994 995 1021 sacra,
1011 994 1047 1015 ex
1062 993 1129 1025 quo
1150 993 1216 1014 non
1231 989 1267 1014 ut
1289 992 1360 1022 par-

300 1035 366 1060 tem
389 1028 486 1060 divini
509 1029 614 1060 cultus
637 1029 696 1060 iste
719 1029 848 1069 pulsans
872 1028 988 1059 diceret
1010 1037 1043 1058 se
1065 1028 1150 1059 haee
1165 1026 1290 1063 inferre,
1307 1026 1362 1056 sed

301 1073 410 1113 potius
426 1080 462 1104 ut
477 1079 621 1104 extranea
635 1073 845 1114 interponere.
865 1073 907 1103 Et
927 1071 1147 1107 nihilominus,
1163 1078 1222 1111 pro
1241 1075 1362 1111 quanto

302 1117 398 1148 etiam
420 1117 494 1148 loco
508 1127 599 1148 sacro
612 1116 726 1148 iniuria
744 1116 791 1153 fit,
808 1117 889 1147 dum
911 1116 944 1146 in
962 1115 1066 1146 dicato
1090 1115 1130 1145 ad
1152 1114 1212 1145 Dei
1233 1114 1362 1145 laudem

302 1161 376 1193 loco
404 1161 537 1202 profana
558 1161 635 1192 haec
657 1160 754 1197 fiunt,
778 1160 818 1191 ad
840 1160 935 1190 aliam
957 1158 1108 1198 sacrilegii
1131 1158 1270 1199 speciem
1293 1167 1362 1198 spe-

304 1212 376 1244 ctat,
400 1215 465 1247 qua
485 1205 559 1236 loco
582 1214 671 1236 sacro
694 1203 808 1235 iniuria
830 1203 875 1234 fit.

1415 291 1710 328 ARTlcULth
1740 291 1772 327 11
2395 300 2469 337 297

1465 370 1516 400 1V.
1541 369 1573 400 Si
1597 379 1672 400 vero
1702 369 1764 399 hoc
1787 368 1826 400 sit
1856 375 1977 409 praeter
2005 367 2215 399 intentionem
2243 368 2471 408 cuiuscumque

1410 413 1567 450 materiae,
1583 423 1620 444 ex
1635 413 1703 444 sola
1717 412 1892 443 intentione
1916 412 1985 443 soni
2002 412 2071 443 talis
2092 418 2221 452 propter
2244 421 2334 442 suam
2359 421 2472 442 conso-

1410 457 1552 488 nantiam
1567 457 1594 493 *,
1609 464 1686 488 tunc
1702 457 1878 488 secundum
1893 466 1926 487 se
1945 457 2071 488 nullum
2086 462 2252 496 peccatum
2269 463 2330 486 est:
2354 455 2409 485 sed
2424 465 2471 485 ra-

1411 501 1498 532 tione
1521 510 1598 531 usus
1620 501 1670 531 vel
1693 507 1824 532 eventus
1848 507 1952 541 potest
1973 500 2018 531 ibi
2041 510 2107 531 esse
2130 507 2305 540 peccatum.
2338 499 2472 530 Ratione

1411 555 1497 580 usus,
1518 544 1543 574 si
1559 545 1818 575 accommodatus
1838 544 2050 582 communiter
2064 551 2110 574 est
2132 544 2202 574 talis
2226 554 2324 574 sonus
2347 543 2386 573 ad
2405 553 2470 573 ma-

1409 588 1520 619 teriam
1544 589 1748 619 dedecentem
1771 597 1875 619 sacra:
1901 589 2055 629 quoniam
2077 588 2163 618 idem
2186 595 2233 618 est
2255 588 2294 618 de
2317 587 2371 618 tali
2390 597 2471 617 sono

1411 631 1566 662 iudicium
1578 632 1666 671 quod
1679 639 1725 662 est
1740 632 1779 663 de
1792 639 1885 663 cantu
1901 632 2042 663 theatrali
2059 640 2114 663 aut
2127 631 2318 672 tragoedico,
2331 631 2386 672 qui
2397 641 2472 671 pro-

1413 682 1481 716 pter
1503 675 1599 706 talem
1622 685 1718 706 usum
1741 676 1892 716 prohibiti
1915 684 1989 707 sunt
2010 676 2043 706 in
2067 676 2206 707 ecclesia.
2238 675 2374 707 Ratione
2396 684 2471 705 vero

1413 725 1553 754 eventus,
1578 719 1603 748 si
1627 720 1838 750 communiter
1861 730 1898 751 ex
1921 720 1975 751 tali
1991 730 2072 750 sono
2095 719 2267 751 excitantur
2289 719 2472 750 auditorum

1413 762 1510 794 animi
1533 762 1573 793 ad
1596 763 1679 793 mala
1700 763 1750 794 vel
1773 774 1863 795 vana.
1886 765 2018 804 Propter
2040 764 2129 805 quod
2151 763 2345 804 quandoque
2368 769 2473 803 potest

2499 461 2509 471 ⁸
2515 460 2551 482 ef.
2558 467 2619 482 num.
2626 467 2710 488 praec„

2499 487 2562 508 Inter
2576 487 2642 508 haec.

1413 806 1598 837 intervenire
1622 806 1716 837 etiam
1733 814 1898 847 peccatum
1922 807 2054 839 mortale
2077 807 2110 838 in
2132 807 2335 838 huiusmodi:
2361 813 2396 838 ut
2418 816 2472 846 pa·
2493 796 2520 852 (1

1414 857 1458 881 tet
1487 850 1513 880 si
1543 859 1641 880 sonus
1675 851 1788 891 aliquis
1818 851 1933 882 alicubi
1964 861 2001 882 ex
2033 858 2165 882 consuet
2190 852 2221 881 dl
2245 861 2262 882 e
2291 849 2473 882 excitativa:

1414 901 1496 925 esset
1517 894 1557 923 ad
1579 903 1725 931 venerea,
1749 902 1804 926 aut
1826 895 1916 926 valde
1940 895 2076 926 distracti
2143 918 2151 932 ,
2176 895 2362 926 clericorum
2385 904 2472 935 prae-

1415 938 1524 978 cipue,
1548 948 1565 967 a
1588 938 1710 969 divinis.
1741 939 1783 969 Et
1805 939 1950 979 quamvis
1978 939 2030 979 pia
2052 939 2196 976 intentio,
2219 946 2253 970 ut
2279 939 2396 970 scilicet
2418 948 2474 979 per

1414 981 1601 1012 huiusmodi
1633 992 1786 1012 sonorum
1817 982 2056 1014 delectationem
2085 982 2285 1014 infirmorum
2308 983 2398 1013 valde
2420 988 2475 1012 aut

1415 1025 1576 1056 malorum
1606 1025 1702 1055 animi
1733 1026 1860 1057 recreati
1890 1026 2037 1057 attentius
2060 1033 2170 1057 vacent
2200 1026 2328 1063 divinis,
2353 1026 2476 1057 alleviet

1416 1069 1498 1100 dicta
1521 1076 1656 1109 peccata,
1682 1079 1748 1100 non
1770 1076 1877 1100 tamen
1901 1077 2026 1101 excusat
2049 1071 2198 1102 totaliter:
2224 1070 2299 1111 quia
2322 1080 2384 1101 non
2401 1074 2476 1101 sunt

1407 1113 1566 1155 facienda
1589 1114 1677 1144 mala
1701 1119 1736 1144 ut
1759 1114 1907 1144 eveniant
1929 1114 2010 1144 bona
2025 1114 2052 1144 *.

1472 1158 1514 1189 Et
1544 1164 1618 1189 sunt
1648 1157 1729 1188 dicta
1753 1157 1861 1188 omnia
1887 1158 1964 1188 haec
1992 1157 2187 1198 accipienda,
2212 1157 2237 1188 si
2261 1158 2340 1189 desit
2366 1158 2399 1188 in
2428 1157 2476 1187 his

1418 1202 1603 1233 scandalum
1626 1201 1827 1242 pusillorum.

454 3653 564 3677 Souna
582 3651 683 3676 Tutor..
704 3650 734 3674 D.
753 3650 867 3674 'snorum
886 3648 917 3673 T.
936 3649 980 3673 Vl.

2316 3641 2347 3666 38

2503 1114 2712 1142 'MRomaeapam

2503 1147 2562 1163 vers.
2578 1140 2600 1162 8.
