2860 4244
30 1195 190 1239 senui.

273 1290 479 1331 :deducitun
504 1294 543 1320 an
568 1289 684 1320 scilicet
718 1289 751 1319 in
782 1288 969 1319 huiusmodi
992 1287 1145 1328 petitione
1178 1287 1364 1318 interveniat

267 1793 274 1804 ‚
301 1788 402 1813 curae
421 1778 608 1818 simpliciter
629 1777 838 1808 animarum:
861 1776 946 1817 quia,
965 1782 998 1806 ut
1014 1774 1144 1806 inferius
1158 1775 1176 1794 *
1198 1781 1293 1815 patet,
1314 1785 1366 1805 cu-
1392 1794 1393 1819 3

270 2063 277 2075 »
302 2052 333 2076 et
355 2044 516 2075 inferius*
538 2045 572 2075 in
595 2050 727 2075 tractatu
752 2043 790 2074 de
813 2043 947 2074 statibus
970 2049 1067 2082 patet.

272 3286 275 3289 .
310 3252 558 3298 characteres,
587 3249 653 3299 qui
679 3261 748 3298 per
768 3248 936 3296 aliquam
957 3247 1281 3284 consecrationem
1302 3245 1370 3282 irn-

1005 319 1272 366 QUAEsT1o
1302 320 1351 367 C,
1380 320 1676 357 ART1CULUS
1706 320 1755 356 Vl

294 410 364 446 pro
380 410 457 447 quo
477 410 610 447 preces
629 398 880 447 porriguntur,
898 397 1088 446 spirituale
1108 398 1250 446 aliquid
1269 410 1358 435 con-

295 451 435 488 feratur
448 449 473 487 θ.
496 452 626 488 Potest
644 459 773 488 tamen
794 463 875 488 esse
897 450 1059 488 simonia
1079 450 1117 487 in
1137 451 1357 497 intentione,

295 503 325 540 si
349 516 427 541 non
451 504 665 541 attendatur
684 505 732 542 ad
762 504 981 552 dignitatem
1000 515 1200 552 personae,
1222 504 1290 541 sed
1310 504 1359 541 ad
1385 503 1387 538 ἰ

296 557 467 594 favorem
487 558 714 595 humanum.
731 578 756 586 -
775 558 815 594 Si
834 569 927 594 vero
947 556 1079 604 aliquis
1103 569 1172 605 pro
1194 570 1234 593 se
1254 565 1360 605 rogat

295 618 336 646 ut
363 610 532 647 obtineat
560 623 690 647 curam
719 610 952 656 animarum,
983 621 1027 646 ex
1056 609 1137 658 ipsa
1165 622 1361 658 praesum·
1385 622 1388 677 1

295 663 424 711 ptione
453 663 622 701 redditur
649 663 845 711 indignus:
876 671 912 699 et
940 663 993 699 sic
1011 674 1145 711 preces
1174 671 1261 699 sunt
1289 675 1359 711 pro

295 715 462 764 indigno.
492 716 611 753 Licite
637 724 767 753 tamen
795 723 921 764 potest
949 716 1105 764 aliquis,
1136 716 1165 752 si
1195 716 1240 752 sit
1267 716 1360 753 indi—

348 828 372 861 Θ)
391 830 557 864 conseratur.
569 842 588 848 -
606 830 746 862 consertur-
764 829 816 859 ΡΙ),
832 830 995 863 porrigatur
1014 830 1055 855 ed.
1074 837 1100 855 a.

2399 320 2472 356 363

1414 411 1527 446 gens,
1557 411 1626 447 pro
1666 411 1706 435 se
1745 399 1975 436 beneficium
2014 398 2311 435 ecclesiasticum
2347 404 2476 446 petere

1415 464 1495 488 sme
1517 464 1606 488 cura
1634 464 1862 489 animarum.

1466 507 1526 541 Αι)
1547 516 1720 547 QUARTUM
1745 517 1929 543 DlCENDUM
1949 505 2054 553 quod
2083 503 2282 552 hypocrita
2311 515 2388 540 non
2414 503 2478 540 dat

1415 558 1555 606 aliquid
1584 558 1773 606 spirituale
1793 566 1949 607 propter
1976 558 2143 604 laudem,
2173 557 2240 594 sed
2260 557 2384 594 solum
2413 557 2477 593 de-

1414 618 1614 647 monstrat:
1647 618 1682 647 et
1701 611 1915 648 simulando
1937 611 2056 659 magis
2076 611 2212 647 furtive
2233 609 2382 659 surripit
2399 610 2477 646 lau-

1415 664 1503 700 dem
1533 664 1744 700 humanam
1774 676 1891 713 quam
1926 672 2038 701 emat.
2078 664 2189 702 Unde
2223 675 2300 700 non
2328 663 2479 700 videtur

1413 716 1602 764 pertinere
1631 717 1679 753 ad
1708 717 1842 754 vitium
1873 717 2072 754 simoniae.

974 901 1308 934 Commentariun
1330 900 1582 933 Cardinans
1605 901 1806 934 Caietam

300 989 346 1053 Iu
371 979 504 1010 articulo
535 979 666 1019 quinto,
690 979 723 1010 in
751 979 959 1020 responsione
989 979 1028 1010 ad
1057 979 1202 1015 tertium,
1227 978 1362 1009 dubium

328 1024 474 1058 occurrit.
495 1034 535 1054 an
555 1034 662 1064 preces
677 1023 819 1055 beneficii
839 1034 914 1055 cum
929 1033 1002 1054 cura
1017 1024 1196 1054 animarum
1215 1032 1274 1062 pro
1290 1022 1361 1063 ipso
1386 1018 1388 1065 ξ

297 1074 434 1108 petente,
452 1068 514 1098 sint
533 1078 640 1109 preces
663 1078 722 1109 pro
747 1068 889 1108 indigno.
915 1068 956 1098 Et
979 1075 1025 1098 est
1048 1067 1127 1098 ratio
1151 1066 1239 1097 dubii
1263 1066 1363 1096 diver·
1387 1067 1389 1088 ἶ

297 1113 371 1143 sitas
395 1112 600 1153 opinionum.

351 1157 403 1188 Ad
427 1157 487 1188 hoc
510 1157 584 1188 licet
607 1156 719 1187 diversi
742 1156 863 1186 diversa
886 1155 1075 1195 scripserint,
1093 1162 1128 1185 ut
1151 1155 1247 1185 habes
1263 1164 1281 1184 a
1296 1154 1362 1184 Do-

298 1201 388 1232 mino
412 1201 530 1232 Ioanne
554 1202 592 1232 de
615 1202 865 1236 Turrecremata‚
885 1209 981 1239 super
997 1200 1154 1236 Decretis,
1178 1199 1211 1229 in
1235 1208 1291 1239 qu.
1307 1209 1318 1228 1
1333 1198 1362 1234 *,
1388 1209 1390 1226 ἰ

299 1256 366 1286 cap.
387 1245 626 1283 Ordinationes,
650 1245 683 1275 in
697 1252 753 1276 art.
773 1246 801 1281 3,
826 1251 892 1274 tota
916 1251 1022 1274 tamen
1038 1243 1226 1283 ambiguitas
1242 1243 1282 1273 ad
1301 1243 1363 1274 hoc
1387 1249 1390 1289 ᾗ

297 1333 566 1375 praesumptionis
588 1332 712 1364 vitium.
738 1333 783 1364 Ita
806 1333 905 1374 quod,
923 1332 948 1363 si
964 1332 1182 1373 praesumptio
1197 1332 1366 1363 intervenit

298 1378 331 1409 in
361 1378 517 1419 petendo,
547 1387 654 1418 preces
691 1377 752 1409 sint
781 1388 839 1418 pro
869 1377 1017 1417 indigno:
1052 1376 1077 1407 si
1107 1386 1172 1407 non
1199 1376 1366 1407 intervenit
1389 1394 1391 1401 ι

297 1423 516 1464 praesumptio
543 1422 576 1453 i‘n
600 1421 759 1463 petendo,
784 1432 891 1463 preces
919 1431 978 1461 pro
1002 1420 1124 1461 seipso,
1149 1420 1225 1451 alias
1248 1420 1363 1460 digno,

298 1477 365 1498 non
388 1474 462 1498 sunt
485 1477 544 1507 pro
567 1467 710 1507 indigno.
740 1467 781 1497 Et
803 1466 866 1497 hoc
889 1466 963 1497 satis
986 1465 1019 1496 in
1042 1465 1144 1496 littera
1166 1465 1364 1501 insinuatur,

299 1521 374 1543 cum
403 1512 535 1543 dicitur:
559 1511 614 1542 Ex
637 1513 706 1552 ipsa
730 1512 997 1551 praesumptione
1025 1509 1172 1540 redditur
1200 1510 1364 1550 indignus.

298 1558 350 1587 An
372 1563 480 1588 autem
503 1555 614 1596 petitio
629 1556 698 1597 ipsa
719 1555 903 1596 simpliciter
926 1555 976 1585 vel
998 1553 1181 1594 regulariter
1202 1564 1365 1594 praesum-

299 1607 416 1641 ptuosa
439 1600 487 1637 sit,
510 1600 685 1631 videndum
709 1606 765 1631 est.
790 1599 831 1631 Et
853 1609 939 1630 nunc
962 1597 1133 1629 summarie
1157 1597 1290 1628 dicenda
1313 1608 1366 1628 oc·

301 1644 432 1676 currunt
454 1645 607 1686 quinque.

355 1689 476 1727 Primo,
501 1689 590 1730 quod
613 1687 724 1729 petitio
748 1697 840 1718 curae
864 1686 1048 1727 simpliciter
1070 1689 1250 1716 animarum
1274 1695 1364 1726 regu·
1391 1688 1393 1692 '

300 1734 405 1765 [ariter
431 1741 478 1764 est
507 1739 788 1774 praesumptuosa:
812 1738 849 1762 ut
877 1738 983 1772 petere
1010 1730 1240 1771 episcopatum.
1276 1730 1366 1766 Dixi,

301 1822 358 1854 rati
381 1832 447 1853 non
469 1823 587 1853 habent
605 1821 787 1862 simpliciter
803 1831 912 1851 curam
928 1819 1122 1856 animarum;
1146 1820 1201 1850 sed
1225 1819 1367 1859 episcopi

300 1873 375 1898 sunt
397 1866 548 1898 habentes
562 1866 746 1906 simpliciter
765 1875 874 1896 curam
890 1865 1068 1895 animarum
1088 1863 1185 1894 totius
1205 1863 1368 1895 dioecesis.
1392 1876 1394 1905 3

300 1910 383 1948 Dixi,
396 1912 614 1953 ¹regulariter,
631 1917 667 1941 ut
690 1919 887 1950 praeservem
903 1908 1090 1950 petitionem
1110 1908 1311 1949 episcopatus
1334 1908 1366 1938 in

301 1956 375 1987 casu
399 1954 592 1987 necessitatis
613 1954 713 1995 ipsius
740 1953 900 1985 ecclesiae.
924 1953 1012 1984 Haec
1028 1952 1191 1984 conclusio
1215 1952 1289 1983 satis
1313 1962 1367 1992 pa·
1393 1954 1394 1963 ¹

301 2008 346 2032 tet
362 2010 418 2041 per
434 2000 516 2032 dicta
531 2000 716 2035 doctorum;
736 2005 767 2030 et
782 2006 829 2029 est
843 1997 1025 2038 Augustini,
1041 1998 1114 2028 XlX
1127 1998 1167 2028 de
1185 1997 1253 2028 Civ.
1266 1996 1366 2033 Dei*;
1393 1993 1395 2019 ἲ

358 2089 521 2126 Secundo,
547 2088 636 2130 quod
664 2087 776 2128 petitio
805 2097 898 2118 curae
922 2086 1105 2127 simpliciter
1127 2086 1307 2116 animarum
1334 2085 1367 2115 in

302 2143 376 2165 casu
401 2144 467 2164 non
491 2140 537 2164 est
558 2139 841 2174 praesumptuosa,
865 2131 919 2162 sed
944 2137 1065 2162 sancta:
1097 2130 1228 2171 quando
1251 2129 1369 2160 scilicet

303 2178 384 2209 clare
408 2185 532 2209 constat
554 2178 644 2218 quod
668 2176 727 2207 nisi
751 2176 819 2216 ipse
843 2176 958 2216 dignus
982 2182 1068 2216 petat
1091 2174 1312 2214 episcopatum
1331 2174 1367 2204 il-
1394 2166 1395 2207 J

302 2223 382 2259 lum,
406 2222 553 2254 ecclesiae
575 2222 622 2252 illi
645 2221 728 2252 male
752 2220 977 2261 providebitur.
1009 2219 1104 2250 Tunc
1127 2219 1227 2254 enirn,
1253 2218 1278 2249 si
1302 2218 1368 2248 sine
1394 2219 1396 2260 'g

303 2267 452 2298 scandalo
472 2273 587 2307 potest,
603 2266 679 2296 alias
694 2265 809 2305 dignus
823 2265 918 2301 licite,
943 2271 978 2295 ut
1001 2263 1111 2304 prosit,
1135 2263 1229 2303 petit:
1255 2269 1286 2293 et
1302 2272 1369 2292 ma-

302 2311 386 2343 xime
409 2311 435 2342 si
457 2311 608 2342 indirecte
631 2310 719 2351 petit.
743 2310 784 2340 Et
807 2309 887 2340 ratio
911 2315 957 2339 est
979 2308 1055 2349 quia
1078 2307 1213 2338 caritatis
1230 2314 1285 2343 est,
1302 2316 1369 2337 non

303 2355 588 2398 praesumptionis,
612 2354 782 2386 consilium
805 2354 877 2384 hoc.
903 2353 1002 2390 Quod
1026 2362 1063 2383 ex
1085 2352 1148 2382 hoc
1171 2358 1258 2391 patet
1281 2351 1370 2391 quod
1395 2372 1396 2384 ,

303 2400 433 2432 ecclesia
455 2400 508 2430 illa
531 2399 646 2440 gratias
668 2408 798 2439 magnas
821 2398 867 2428 illi
890 2397 1027 2432 referret,
1052 2396 1078 2426 si
1101 2396 1193 2427 sciret
1216 2405 1249 2426 se
1273 2406 1310 2426 ex
1332 2395 1369 2425 il-

302 2445 364 2476 lius
387 2445 539 2485 petitione
563 2454 599 2475 ex
622 2443 801 2483 proposito,
825 2449 966 2482 ereptam
991 2441 1028 2471 de
1052 2450 1150 2471 manu
1173 2439 1242 2480 lupi
1264 2439 1369 2470 immi-

304 2489 416 2521 nentis.
445 2490 487 2520 Et
509 2488 652 2519 similiter
675 2487 819 2528 Sponsus
842 2497 878 2517 ac
901 2485 1061 2517 Dominus
1086 2484 1258 2520 Ecclesiae,
1284 2484 1370 2514 Iesus

304 2533 466 2570 Christus,
492 2540 527 2564 ut
549 2532 677 2563 fidelem
699 2531 818 2572 negotii
845 2537 1003 2570 gestorem
1030 2529 1123 2560 illum
1146 2536 1368 2568 recognoscet:
1395 2529 1397 2536 ⁴

1414 988 1481 1008 non
1500 978 1608 1008 minus
1630 989 1729 1019 quam
1753 989 1835 1009 unus
1860 979 1960 1009 homo
1985 979 2035 1009 cui
2060 979 2121 1010 hoc
2137 978 2327 1010 beneficium
2351 979 2479 1019 praesti-

1414 1030 1484 1053 tum
1508 1021 1628 1053 fuisset.
1661 1023 1796 1054 Constat
1820 1033 1958 1063 namque
1982 1023 2081 1064 quod,
2105 1023 2131 1053 si
2154 1033 2224 1054 mea
2248 1031 2328 1054 esset
2350 1023 2480 1054 ecclesia

1415 1066 1477 1103 illa,
1503 1076 1562 1106 ego
1586 1074 1706 1097 tenerer
1729 1067 1774 1097 illi
1799 1067 1842 1097 sic
1866 1067 1983 1107 petenti
2007 1067 2120 1107 gratias
2137 1077 2237 1107 agere.
2262 1071 2312 1098 An
2338 1067 2416 1098 forte
2433 1068 2480 1098 in-

1415 1118 1531 1151 gratus,
1557 1118 1611 1142 aut
1634 1118 1699 1141 tam
1714 1111 1875 1151 rigorosus
1890 1119 1936 1142 est
1959 1111 2104 1142 Christus
2121 1118 2156 1142 ut
2180 1122 2244 1142 non
2260 1112 2335 1142 velit
2350 1122 2479 1143 suarum

1416 1155 1619 1186 ecclesiarum
1644 1155 1791 1195 periculis
1814 1156 1955 1185 humana
1979 1155 2101 1186 ratione
2125 1156 2252 1186 obviam
2276 1154 2334 1186 iri?

1477 1201 1618 1231 Tertium
1642 1207 1688 1230 est
1710 1200 1800 1241 quod
1823 1200 1934 1240 petitio
1952 1209 2054 1236 curae,
2080 1199 2174 1230 etiam
2199 1200 2390 1240 simpliciter,
2415 1200 2481 1230 ani-

1417 1255 1543 1275 marum
1563 1254 1628 1274 non
1653 1251 1698 1275 est
1723 1244 1897 1275 necessario
1921 1251 2194 1284 praesumptuosa.
2214 1245 2302 1275 Patet
2318 1244 2389 1280 hoc,
2407 1244 2481 1284 quia

1416 1289 1449 1319 in
1465 1299 1539 1319 casu
1564 1296 1610 1320 est
1624 1289 1717 1320 licita.
1741 1289 1782 1319 Et
1804 1289 1879 1329 quia
1903 1289 2006 1324 Isaias,
2032 1295 2203 1329 purgatum
2227 1299 2259 1318 se
2283 1288 2403 1325 videns,
2428 1299 2481 1328 pe-

1417 1333 1464 1364 tiit
1487 1334 1606 1374 absque
1630 1333 1905 1373 praesumptione:
1930 1334 2014 1364 Ecce
2037 1341 2117 1375 ego:
2140 1334 2229 1363 mitte
2252 1343 2302 1363 me
2317 1332 2344 1363 *.

1475 1377 1636 1415 Quartum
1666 1385 1712 1408 est
1740 1378 1828 1418 quod
1852 1377 1963 1418 petitio
1987 1387 2080 1408 curae
2104 1377 2283 1407 animarum
2306 1377 2483 1408 secundum

1417 1422 1504 1463 quid,
1522 1432 1577 1452 seu
1594 1421 1792 1458 secundario,
1806 1429 1842 1452 ut
1858 1428 1904 1452 est
1918 1422 2029 1462 petitio
2046 1421 2224 1463 parochiae,
2237 1421 2484 1462 archipresbyte-

1417 1473 1503 1497 ratus
1515 1474 1546 1497 et
1561 1466 1757 1502 huiusmodi,
1770 1466 1843 1497 licet
1862 1466 1981 1507 aliquid
1995 1467 2096 1507 sapiat
2113 1465 2381 1507 praesumptionis
2402 1465 2484 1496 infra

1390 1537 1392 1556 ἦ
1417 1511 1492 1541 recti
1509 1510 1669 1551 regiminis
1684 1510 1800 1541 limites
1823 1511 1945 1547 stando,
1966 1511 2021 1541 ubi
2041 1518 2146 1541 tamen
2163 1510 2376 1541 communiter
2390 1510 2485 1541 eccle-

1390 1570 1392 1597 ¹:
1418 1555 1579 1586 siasticum
1596 1555 1736 1595 regimen
1754 1562 1941 1595 corruptum
1957 1562 2046 1591 esset,
2064 1554 2139 1596 quia
2156 1555 2272 1585 scilicet
2287 1564 2354 1584 non
2369 1555 2485 1585 dantur

1418 1600 1495 1630 haec
1510 1598 1662 1630 beneficia
1684 1599 1743 1630 nisi
1767 1599 1955 1640 petentibus,
1976 1599 2236 1640 praesumptione
2252 1605 2343 1635 caret,
2360 1598 2386 1628 si
2410 1599 2485 1629 citra

1391 1675 1393 1684 ,
1419 1644 1611 1684 cuiusquam
1631 1643 1861 1684 praeiudicium
1877 1643 1922 1679 fit,
1940 1650 1970 1674 et
1985 1650 2031 1674 est
2047 1643 2122 1674 alias
2138 1643 2252 1683 dignus
2269 1649 2388 1683 petens,
2402 1650 2433 1674 et
2449 1653 2485 1673 ex

1420 1688 1546 1719 caritate
1562 1689 1602 1718 ad
1624 1688 1787 1718 ecclesiam
1804 1694 1962 1718 movetur.
1983 1688 2071 1718 Patet
2091 1687 2152 1718 hoc
2169 1698 2205 1718 ex
2221 1697 2260 1718 eo
2276 1687 2365 1728 quod
2380 1687 2412 1718 in
2429 1687 2486 1718 hu-

1418 1733 1559 1763 iusmodi
1584 1732 1740 1772 corruptis
1764 1732 1968 1772 regiminibus
1988 1731 2167 1772 frequenter
2184 1731 2266 1762 fiunt
2287 1732 2389 1762 malae
2413 1741 2485 1772 pro-

1418 1777 1567 1808 visiones.
1591 1779 1638 1807 Ac
1657 1786 1713 1816 per
1724 1776 1796 1812 hoc,
1821 1777 1853 1807 in
1869 1776 1928 1807 hac
1951 1776 2108 1807 diminuta
2124 1786 2199 1806 cura
2215 1775 2404 1811 animarum,
2421 1776 2485 1806 suf-

1419 1821 1483 1853 ficit
1503 1821 1637 1862 dignitas
1667 1828 1697 1851 et
1728 1821 1838 1852 caritas
1861 1822 1900 1851 ad
1923 1821 2098 1861 petendum
2127 1830 2278 1856 movens,
2300 1821 2418 1860 absque
2446 1831 2484 1850 eo

1420 1867 1510 1908 quod
1523 1866 1667 1896 videatur
1682 1865 1714 1895 in
1731 1864 1911 1906 particulari
1927 1865 2015 1906 quod
2032 1865 2115 1895 mala
2130 1865 2275 1895 imminet
2290 1864 2441 1904 provisio.

1480 1911 1632 1948 Quintum
1662 1916 1707 1940 est
1737 1910 1826 1951 quod
1856 1910 1986 1950 quando
2009 1910 2059 1940 vel
2082 1909 2137 1940 ubi
2167 1908 2353 1939 huiusmodi
2380 1919 2485 1939 corru-

1421 1962 1514 1996 ptum
1537 1954 1677 1995 regimen
1701 1954 1947 1985 ecclesiasticum
1971 1961 2061 1990 esset,
2085 1953 2196 1994 petitio
2222 1953 2409 1984 huiusmodi
2433 1954 2485 1984 be-

1422 1999 1524 2030 neficii
1549 1999 1647 2030 curati
1670 2008 1728 2038 pro
1754 2008 1796 2035 se,
1821 1998 1896 2029 alias
1918 1998 2025 2038 digno,
2051 2008 2088 2028 ex
2111 1998 2254 2028 humano
2278 1997 2389 2028 affectu
2413 2007 2484 2037 pro-

1393 2043 1395 2045 ’
1421 2045 1551 2079 cedens,
1579 2043 1652 2074 licet
1681 2043 1781 2083 sapiat
1812 2043 1934 2083 aliquid
1961 2042 2246 2083 praesumptionis,
2275 2052 2334 2082 pro
2365 2049 2485 2082 quanto

1421 2089 1500 2129 petit
1522 2096 1683 2128 praeesse;
1716 2087 1791 2128 quia
1814 2094 1920 2118 tamen
1944 2097 2015 2117 vere
2039 2087 2159 2127 appetit
2182 2094 2213 2116 et
2235 2086 2370 2117 intendit
2392 2087 2487 2126 prod-

1394 2154 1395 2164 .
1422 2142 1504 2169 esse;
1526 2140 1557 2163 et
1573 2131 1751 2172 periculum
1764 2132 1910 2162 imminet
1925 2141 2049 2171 semper
2062 2131 2162 2161 malae
2178 2130 2369 2171 provisionis
2386 2138 2486 2161 stante

1422 2176 1609 2208 huiusmodi
1626 2176 1814 2216 corruptela,
1831 2183 1862 2207 et
1877 2176 1970 2216 probi
1985 2175 2043 2206 viri
2060 2181 2312 2216 postponuntur;
2333 2185 2398 2205 non
2414 2175 2486 2214 plus

1421 2231 1520 2263 quam
1540 2220 1672 2261 venialis
1687 2221 1812 2252 videtur
1834 2221 1888 2251 illa
1906 2219 2136 2260 praesumptio.
2159 2220 2200 2249 Et
2223 2219 2268 2249 sic
2290 2229 2397 2260 preces
2421 2229 2486 2249 non

1422 2273 1496 2297 sunt
1519 2275 1577 2305 pro
1601 2265 1734 2304 indigno
1757 2265 1950 2306 simpliciter,
1975 2265 2030 2295 sed
2054 2264 2231 2294 secundum
2253 2263 2341 2304 quid.

1477 2311 1544 2341 Nec
1574 2309 1692 2340 mirum
1715 2309 1742 2339 si
1770 2309 1987 2349 Augustinus,
2018 2308 2205 2348 Gregorius,
2231 2309 2352 2338 Auctor
2375 2315 2406 2338 et
2435 2307 2487 2338 alii

1422 2355 1510 2385 aliter
1532 2354 1679 2385 videntur
1703 2354 1859 2384 docuisse.
1883 2353 2047 2391 Quoniam
2070 2353 2131 2393 ipsi
2154 2353 2332 2383 docuerunt
2354 2351 2433 2392 quid
2457 2362 2487 2382 a-

1421 2400 1564 2440 gendum
1579 2398 1660 2429 infra
1674 2398 1782 2438 legum
1798 2398 1914 2428 limites
1931 2404 1990 2428 est:
2015 2407 2074 2428 nos
2091 2404 2199 2427 autern
2222 2396 2300 2437 quid
2323 2396 2403 2427 inter
2420 2406 2488 2426 cor-

1423 2444 1588 2483 ruptiones
1602 2443 1710 2483 legum
1726 2441 1792 2473 fieri
1809 2449 1923 2482 potest,
1941 2449 1972 2473 et
1990 2442 2186 2483 quandoque
2202 2441 2304 2471 debet.
2325 2440 2366 2470 Et
2380 2450 2488 2471 rursus

1395 2501 1397 2528 3
1421 2488 1482 2528 ipsi
1505 2487 1583 2528 quid
1608 2487 1752 2517 absolute
1774 2486 1841 2517 fieri
1865 2487 1950 2517 licet:
1975 2496 2034 2517 nos
2059 2493 2166 2517 autem
2190 2485 2268 2525 quid
2291 2485 2323 2514 in
2344 2494 2416 2515 casu
2434 2495 2488 2515 ne-

1423 2532 1583 2567 cessitatis,
1606 2531 1657 2562 vel
1681 2531 1873 2571 simpliciter,
1897 2531 1947 2561 vel
1970 2541 2030 2571 pro
2054 2540 2140 2561 nunc
2163 2530 2244 2560 inter
2267 2529 2354 2560 tales.

1124 2669 1339 2713 ARTICU
1347 2669 1446 2712 LUS
1475 2667 1686 2710 SEXTUS

906 2755 1063 2786 UTRUM
1095 2754 1161 2785 SIT
1185 2752 1460 2785 CONVENIENS
1490 2750 1712 2783 SIMONIACI
1742 2750 1888 2781 POENA

813 2800 874 2831 UT
897 2799 1116 2830 PRIVETUR
1139 2799 1198 2830 EO
1223 2797 1346 2835 QUOD
1370 2797 1453 2828 PER
1481 2796 1695 2827 SIMONIAM
1718 2793 1979 2831 ACQUISIVIT.

444 2905 493 2941 «ἦ
518 2890 542 2915 1>
565 2890 708 2915 SEXTUM
729 2890 783 2915 stc
805 2889 1047 2915 PROCEDITUR.
1076 2876 1236 2913 Videtur
1263 2875 1369 2923 quod
1395 2878 1397 2884 '

335 2923 489 2993 δῖ’.)
518 2942 597 2969 non
617 2931 663 2968 sit
691 2931 926 2968 conveniens
954 2929 1153 2967 simoniaci
1175 2941 1304 2977 poena
1330 2935 1372 2964 ut

325 2988 361 3035 ’,γ
386 3002 444 3029 ν,
468 2992 487 3026 (5
502 2984 689 3034 privetur
717 2996 763 3021 eo
792 2984 897 3032 quod
921 2995 990 3032 per
1018 2982 1222 3019 simoniam
1243 2980 1369 3030 acqui·
1396 3019 1397 3029 γ

327 3035 333 3041 ’
365 3014 460 3069 <3²⁹5
477 3032 507 3073 X<
519 3038 618 3075 sivit.
649 3036 824 3074 Simonia
852 3036 955 3073 enim
985 3033 1230 3072 committitur
1257 3046 1303 3070 ex
1323 3045 1369 3070 eo

309 3091 414 3141 quod
443 3090 600 3128 alicuius
629 3089 798 3127 muneris
831 3088 1047 3126 interventu
1074 3086 1279 3136 spiritualia
1311 3098 1370 3123 ac·
1396 3085 1398 3116 ὲ

309 3145 520 3194 quiruntur.
560 3143 637 3181 Sed
673 3142 866 3192 quaedam
901 3149 988 3179 sunt
1020 3140 1223 3190 spiritualia
1251 3151 1369 3188 quae,

309 3197 426 3235 semel
455 3197 612 3246 adepta,
642 3208 722 3233 non
749 3203 910 3244 possunt
938 3194 1076 3232 amitti:
1113 3193 1208 3230 sicut
1236 3204 1371 3229 omnes

309 3305 535 3354 primuntur.
570 3303 672 3351 Ergo
706 3314 784 3340 non
813 3308 870 3338 est
902 3300 1135 3338 conveniens
1171 3310 1297 3348 poena
1330 3306 1372 3335 ut
1397 3330 1399 3334 Α

310 3358 395 3406 quis
423 3356 593 3406 privetur
621 3368 668 3392 eo
697 3355 802 3405 quod
829 3354 1038 3391 simoniace
1067 3352 1277 3402 acquisivit.

365 3423 400 3448 2.
430 3411 674 3455 PRAETEREA,
705 3407 886 3455 contingit
917 3406 1150 3455 quandoque
1179 3405 1283 3454 quod
1311 3404 1372 3441 ille

310 3464 375 3513 qui
391 3471 446 3500 est
461 3463 722 3512 episcopatum
739 3472 807 3509 per
821 3460 1024 3497 simoniam
1043 3460 1214 3508 adeptus,
1229 3457 1372 3507 praeci-

310 3517 388 3566 piat
416 3516 566 3554 subdito
586 3522 627 3551 ut
651 3515 698 3551 ab
720 3526 767 3550 eo
787 3513 941 3562 recipiat
960 3512 1129 3550 ordines:
1160 3519 1196 3548 et
1222 3510 1374 3548 videtur

1423 2874 1489 2922 qui
1517 2886 1596 2910 non
1623 2872 1739 2910 habet
1766 2878 1995 2920 potestatem
2025 2869 2255 2906 conferendi.
2285 2870 2387 2917 Ergo
2413 2869 2489 2918 epi-

1424 2939 1565 2975 scopus
1581 2938 1658 2963 non
1679 2924 1813 2961 amittit
1832 2924 2089 2972 episcopalem
2106 2929 2332 2971 potestatem
2351 2922 2381 2959 si
2402 2934 2488 2959 eam

1424 2979 1632 3017 simoniace
1661 2976 1870 3026 acquisivit.

1479 3034 1514 3070 3.
1545 3033 1780 3078 PRAETEREA‚
1801 3030 1925 3066 nullus
1946 3028 2059 3065 debet
2077 3028 2201 3077 puniri
2225 3040 2296 3077 pro
2317 3040 2363 3064 eo
2383 3027 2488 3075 quod

1425 3098 1504 3123 non
1533 3092 1588 3122 est
1606 3085 1748 3121 factum
1770 3095 1816 3119 eo
1837 3082 1977 3119 sciente
1999 3089 2034 3118 et
2052 3082 2225 3118 volente:
2255 3081 2344 3130 quia
2362 3093 2488 3130 poena

1426 3138 1586 3176 debetur
1621 3144 1796 3186 peccato,
1826 3135 1932 3183 quod
1971 3142 2025 3171 est
2059 3134 2337 3180 voluntarium,
2372 3142 2413 3171 ut
2445 3146 2490 3170 ex

1426 3191 1575 3240 supra*
1599 3190 1707 3227 dictis
1734 3197 1847 3239 patet.
1879 3187 2072 3236 Contingit
2099 3196 2227 3225 autem
2257 3187 2488 3236 quandoque

1397 3266 1398 3275 κ
1426 3242 1531 3294 quod
1559 3243 1692 3292 aliquis
1730 3241 1937 3279 simoniace
1967 3241 2212 3290 consequitur
2247 3239 2388 3289 aliquid
2416 3240 2488 3288 spi—

1426 3298 1557 3335 rituale
1586 3295 1875 3346 procurantibus
1912 3294 2012 3341 aliis,
2043 3306 2090 3331 eo
2123 3294 2314 3331 nesciente
2346 3300 2383 3329 et
2420 3305 2488 3329 no-

1426 3352 1537 3388 lente.
1577 3351 1678 3398 Ergo
1708 3361 1787 3386 non
1820 3348 1934 3385 debet
1969 3347 2093 3395 puniri
2130 3359 2198 3395 per
2232 3345 2486 3395 privationem

1428 3405 1507 3441 eius
1537 3403 1643 3451 quod
1673 3401 1707 3439 ei
1736 3402 1914 3439 collatum
1945 3407 2011 3436 est.

1479 3469 1516 3503 4.
1538 3458 1772 3502 PRAETEREA,
1789 3455 1912 3491 nullus
1933 3453 2045 3489 debet
2063 3459 2216 3501 portare
2237 3451 2487 3488 commodum

1428 3510 1476 3547 de
1504 3521 1575 3546 suo
1607 3516 1778 3558 peccato.
1818 3506 1894 3543 Sed
1923 3506 1953 3542 si
1981 3505 2040 3542 ille
2069 3504 2135 3553 qui
2172 3512 2398 3542 consecutus
2434 3512 2490 3541 est

312 3571 414 3619 quod
445 3570 581 3607 debeat
610 3568 643 3604 ei
672 3566 828 3604 obedire
858 3565 1027 3614 quandiu
1055 3566 1102 3602 ab
1123 3563 1291 3601 Ecclesia
1317 3570 1374 3599 to-
1399 3572 1401 3614 g
1427 3562 1659 3599 beneficium
1698 3559 1991 3598 ecclesiasticum
2027 3570 2096 3607 per
2132 3558 2356 3605 simoniam,
2386 3558 2488 3594 resti-

311 3623 461 3660 leratur.
493 3622 568 3659 Sed
597 3621 720 3658 nullus
751 3619 863 3657 debet
891 3617 1032 3667 aliquid
1061 3617 1228 3666 recipere
1248 3617 1295 3653 ab
1326 3628 1372 3653 eo
1399 3623 1401 3665 l
1427 3623 1550 3652 tueret
1577 3614 1683 3662 quod
1711 3612 1894 3662 percepit,
1925 3611 2157 3660 quandoque
2190 3612 2266 3648 hoc
2301 3611 2487 3648 redunda-

2510 1335 2520 1345 ·
2528 1334 2585 1361 Cap.
2593 1339 2625 1361 vx,
2632 1340 2691 1355 vers.
2698 1334 2720 1356 8.

2517 3202 2526 3211 ⁸
2545 3201 2568 3222 1⁸
2594 3201 2654 3227 11⁸⁰,
2675 3208 2713 3230 qu.

2516 3234 2594 3254 mxiv,
2608 3232 2650 3250 art.
2662 3235 2677 3253 ι,
2691 3234 2714 3253 ²3

2517 3260 2555 3282 qu.
2561 3261 2655 3276 mxvii
2660 3272 2665 3280 ,
2671 3259 2713 3276 art.

2518 3293 2537 3307 s.
