2860 4244
153 1093 161 1102 ⁸
175 1094 224 1114 Art.
240 1098 255 1114 1.
268 1092 296 1113 ad
310 1098 329 1112 2.

147 2202 155 2210 ⁴
171 2199 237 2221 Vers.
251 2200 272 2220 8.

148 2571 200 2592 ‘.Cf
210 2571 266 2592 ibid.
269 2577 313 2602 qu.
321 2577 355 2597 ιιι,

147 2604 197 2619 can
201 2598 229 2619 Si
233 2598 357 2625 qm‘sprae-

146 2624 241 2645 tuendas.

389 270 464 316 364

389 355 443 385 ret
471 347 508 383 in
528 346 723 382 utilitatem
745 355 876 380 eorum
898 342 961 390 qui
981 342 1131 377 fuerunt
1153 339 1337 376 simoniae
1357 351 1443 386 par·
1468 348 1470 388 Ξ

1468 389 1509 426 it
1496 398 1573 426 tere
1601 389 1803 438 pecuniam
1837 401 1954 437 quam
1990 388 2147 436 turpiter
2182 387 2305 425 dedit:

1468 447 1469 482 i
1495 442 1630 478 iniuste
1661 442 1835 479 detineat.
1865 462 1889 468 -
1919 441 1959 478 Si
1995 453 2090 478 vero
2129 440 2175 477 sit
2203 440 2432 478 simoniacus
2471 442 2559 490 quia

1468 507 1469 525 i
1496 494 1651 531 contulit
1679 495 1854 532 ordinem
1890 494 2114 541 simoniace,
2143 494 2206 530 vel
2240 494 2330 541 quia
2367 493 2471 531 dedit
2496 494 2559 530 vel

1468 560 1469 568 ¹
1495 547 1637 596 recepit
1665 548 1895 585 beneficium
1926 547 2154 594 simoniace,
2182 547 2245 583 vel
2272 547 2341 583 fuit
2372 546 2560 583 mediator

389 611 488 647 niam
522 610 559 645 in
596 608 721 655 aliquo
757 605 986 643 monasterio
1024 604 1214 652 recipitur,
1245 611 1280 639 et
1307 611 1441 640 votum
1468 635 1469 657 ³

388 664 557 700 solemne
585 660 636 696 ibi
663 659 749 696 facit
776 658 989 707 profitendo
1012 663 1040 694 α.
1071 658 1146 694 Sed
1176 657 1300 705 nullus
1329 657 1442 693 debet
1468 692 1469 696 ,

1468 747 1469 751 ,
1495 708 1701 753 occultum,
1732 715 1787 743 est
1805 719 2011 755 suspensus
2039 707 2122 755 ipso
2152 706 2233 743 iure
2253 706 2382 754 quoad
2411 718 2450 742 se
2479 713 2559 742 tan-

388 400 534 448 ticipes:
554 406 645 447 puta
665 397 817 446 quando
837 396 1024 453 praelatus
1045 401 1080 429 et
1099 401 1219 429 totum
1242 392 1441 438 collegium

389 454 426 490 in
455 451 654 489 simoniam
686 448 883 486 consensit
914 448 1015 505 Ergo
1035 458 1113 482 non
1133 456 1283 504 semper
1304 452 1358 480 est
1386 457 1442 481 re-

389 504 618 542 stituendum
647 502 750 550 quod
778 513 846 549 per
874 500 1076 536 simoniam
1105 498 1320 546 acquiritur.

446 560 476 595 5.
513 558 749 600 PRAETEREA,
780 553 1012 600 quandoque
1050 551 1184 599 aliquis
1221 563 1289 599 per
1326 551 1440 587 simo-

388 714 533 752 absolvi
562 714 608 750 ab
638 712 863 759 obligatione
883 712 961 747 voti
980 718 1135 759 propter
1164 711 1314 757 culpam
1337 722 1440 745 com-

386 769 551 804 missam.
582 767 683 812 Ergo
704 777 780 801 non
802 764 913 800 debet
933 764 1205 801 monachatum
1227 761 1241 791 β
1270 763 1439 798 amittere
1467 765 1469 808 j

387 833 498 869 quem
528 818 732 855 simoniace
762 817 967 865 acquisivit.

439 875 473 909 6.
504 874 744 916 PRAETEREA,
775 870 935 906 exterior
971 881 1097 917 poena
1125 868 1161 905 in
1191 869 1266 905 hoc
1294 868 1440 905 mundo

386 938 461 963 non
490 924 665 972 infligitur
692 935 761 972 pro
790 923 955 959 interiori
983 930 1091 958 motu
1121 922 1256 966 cordis,
1288 922 1334 958 de
1364 933 1440 980 quo

385 979 498 1016 solius
527 977 598 1014 Dei
627 985 682 1013 est
700 976 876 1012 iudicare.
908 976 984 1012 Sed
1013 976 1176 1012 simonia
1196 974 1442 1011 committitur
1467 987 1469 1024 g

386 1044 430 1068 ex
465 1031 543 1067 sola
580 1030 784 1066 intentione
818 1030 880 1065 vel
917 1030 1133 1066 voluntate:
1172 1029 1272 1064 unde
1311 1035 1347 1064 et
1374 1040 1442 1076 per

384 1085 616 1122 voluntatem
639 1082 827 1129 definitur,
843 1090 884 1119 ut
911 1081 1059 1130 supra*
1079 1081 1220 1118 dictum
1245 1089 1310 1118 est.
1338 1082 1440 1129 Ergo

384 1150 460 1174 non
498 1148 650 1184 semper
668 1141 682 1163 Υ
712 1136 824 1172 debet
851 1135 984 1184 aliquis
1018 1134 1158 1183 privari
1187 1147 1233 1171 eo
1255 1134 1358 1183 quod
1397 1134 1441 1171 si-

384 1190 557 1227 moniace
586 1188 796 1237 acquisivit.

438 1256 473 1291 7.
496 1244 728 1287 PRAETEREA,
758 1242 878 1278 multo
908 1240 1031 1277 maius
1061 1248 1115 1276 est
1143 1239 1364 1288 promoveri
1392 1240 1440 1277 ad

385 1297 528 1333 maiora
542 1294 555 1317 δ
575 1307 690 1344 quam
711 1295 748 1331 in
765 1293 946 1342 susceptis
966 1305 1202 1342 permanere.
1226 1293 1302 1331 Sed
1323 1306 1441 1342 quan-

385 1350 510 1398 doque
539 1347 746 1393 simoniacI,
777 1359 821 1383 ex
850 1345 1143 1395 dispensatione,
1163 1354 1441 1395 promoventur
1467 1345 1468 1370 ἶ

384 1403 430 1440 ad
459 1401 614 1438 maiora.
652 1401 754 1448 Ergo
783 1413 860 1437 non
898 1412 1050 1449 semper
1085 1400 1226 1437 debent
1258 1401 1441 1449 susceptis

383 1454 533 1504 privari.

436 1509 508 1544 SED
538 1518 683 1543 CONTRA
710 1517 775 1542 Esr
803 1506 908 1554 quod
938 1505 1071 1542 dicitur
1099 1507 1125 1552 I,
1152 1518 1214 1554 qu.
1245 1519 1266 1553 1,
1290 1518 1370 1555 cap.
1401 1508 1443 1543 Si

382 1561 462 1609 quis
489 1561 698 1608 episcopus:
731 1559 805 1601 Qui
831 1559 1023 1596 ordinatus
1051 1564 1114 1604 est,
1144 1559 1235 1596 nihil
1266 1572 1316 1596 ex
1342 1561 1441 1597 ordi-

382 1614 530 1650 natione
548 1613 608 1650 vel
619 1613 858 1661 promotione
876 1624 973 1660 quae
991 1618 1044 1648 est
1057 1623 1128 1660 per
1150 1613 1440 1662 negotiationem

370 1668 493 1715 facta,
508 1666 704 1714 proficiat:
732 1666 798 1703 sed
822 1666 869 1702 sit
886 1666 1030 1702 alienus
1049 1677 1072 1702 a
1091 1665 1272 1715 dignitate
1289 1666 1350 1703 vel
1369 1667 1442 1704 sol-

381 1721 568 1756 licitudine
595 1731 708 1767 quam
731 1719 900 1767 pecuniis
928 1718 1133 1766 acquisivit.

382 1826 539 1862 retinere
567 1825 656 1862 illud
676 1825 780 1874 quod
801 1833 931 1862 contra
949 1825 1185 1861 voluntatem
1207 1825 1351 1862 domini
1380 1838 1440 1863 ac·

382 1879 554 1927 quisivit:
584 1886 675 1927 puta
702 1879 732 1915 si
751 1878 884 1927 aliquis
914 1878 1150 1927 dispensator
1175 1877 1221 1914 de
1241 1879 1354 1916 rebus
1375 1880 1442 1917 do-

383 1932 474 1968 mini
494 1931 552 1968 sui
572 1932 677 1968 daret
697 1931 805 1968 alicui
826 1939 956 1968 contra
974 1932 1212 1968 voluntatem
1234 1939 1271 1968 et
1290 1932 1442 1970 ordina·
1467 1953 1469 1970 ι

381 1986 524 2021 tionem
546 1984 690 2021 domini
710 1985 779 2027 sui,
796 1985 855 2021 ille
875 1984 939 2034 qui
958 1984 1146 2033 acciperet
1163 1984 1261 2022 licite
1281 1986 1441 2023 retinere

381 2050 459 2075 non
486 2045 626 2086 posset.
661 2038 850 2074 Dominus
880 2045 1027 2083 autem,
1059 2037 1165 2074 cuius
1198 2039 1440 2076 ecclesiarum

381 2090 535 2140 praelati
564 2098 650 2127 sunt
678 2091 956 2140 dispensatores
990 2098 1026 2127 et
1054 2090 1223 2135 ministri,
1253 2092 1443 2130 ordinavit

381 2153 422 2180 ut
462 2143 666 2192 spiritualia
705 2144 818 2192 gratis
856 2143 1053 2181 darentur:
1096 2144 1308 2182 secundum
1349 2146 1441 2183 illud

383 2198 515 2233 Matth.
536 2208 560 2232 x
573 2196 611 2233 *ε
641 2197 766 2234 Gratis
786 2197 992 2246 accepistis,
1022 2198 1143 2247 gra-tis
1161 2198 1256 2234 date.
1287 2199 1335 2235 Et
1354 2199 1442 2236 ideo

382 2250 445 2298 qui
479 2250 647 2286 muneris
685 2250 894 2287 interventu
935 2250 1140 2299 spiritualia
1175 2263 1441 2302 quaecumque

382 2310 653 2350 assequuntur,
684 2316 729 2340 ea
757 2304 852 2340 licite
882 2304 1041 2340 retinere
1074 2316 1151 2340 non
1180 2313 1340 2353 possunt
1361 2311 1385 2343 ².

436 2357 592 2404 Insuper
612 2364 739 2393 autem
759 2357 968 2403 simoniaci,
989 2365 1066 2394 tam
1087 2358 1298 2395 vendentes
1322 2371 1440 2407 quam

384 2416 550 2444 ementes
587 2409 805 2456 spiritualia,
836 2417 900 2446 aut
937 2410 1049 2446 etiam
1084 2410 1333 2458 mediatores,
1364 2412 1442 2449 aliis

383 2461 516 2509 poenis
536 2462 761 2509 puniuntur:
792 2462 932 2499 scilicet
960 2463 1114 2500 infamia
1134 2471 1171 2500 et
1191 2463 1440 2512 depositione,
1467 2475 1469 2486 ⁴

384 2514 414 2550 si
442 2514 514 2550 sint
534 2515 675 2559 clerici;
707 2523 742 2551 et
761 2516 1166 2562 excommunicatione,
1189 2517 1217 2552 si
1239 2517 1311 2553 sint
1339 2518 1439 2564 laici;

384 2575 423 2603 ut
451 2567 612 2603 habetur
640 2569 666 2613 1,
688 2580 751 2616 qu.
782 2581 803 2614 1,
826 2581 906 2616 cap.
937 2569 978 2604 Si
1004 2569 1085 2617 quis
1112 2570 1303 2617 episcopus
1320 2570 1352 2607 ²¹⁴.

436 2622 494 2656 AD
515 2632 650 2657 PRIMUM
676 2633 773 2657 ERGO
800 2633 983 2658 DlCENDUM
1012 2622 1117 2670 quod
1146 2622 1204 2658 ille
1234 2623 1297 2670 qui
1327 2623 1442 2660 simo-

384 2673 491 2709 niace
524 2673 687 2721 accipit<
717 2686 865 2710 sacrum
894 2674 1089 2720 ordinem,
1120 2675 1250 2724 recipit
1287 2676 1442 2724 quidem
1468 2686 1470 2689 ’

384 2726 637 2762 characterem
676 2727 839 2772 ordinis,
873 2735 1028 2775 propter
1070 2727 1277 2765 efficaciam
1321 2742 1443 2766 sacra·

384 2779 520 2815 menti:
551 2791 628 2816 non
649 2787 775 2816 tamen
803 2780 934 2828 recipit
951 2780 1121 2828 gratiam,
1152 2794 1275 2830 neque
1301 2783 1443 2820 ordinis

384 2832 645 2869 executionem
659 2837 689 2879 ''¹‚
712 2845 757 2869 eo
774 2833 878 2880 quod
899 2833 1007 2882 quasi
1027 2834 1160 2870 furtive
1177 2835 1341 2884 suscepit
1356 2836 1442 2873 cha-

383 2893 578 2932 racterem,
611 2893 740 2922 contra
767 2886 983 2935 principalis
1012 2887 1170 2924 Domini
1193 2888 1441 2926 voluntatem.
1469 2886 1470 2892 ’

383 2939 431 2974 Et
459 2938 544 2975 ideo
566 2946 620 2975 est
639 2938 721 2987 ipso
742 2939 821 2975 iure
851 2952 1079 2987 suspensus:
1109 2948 1144 2977 et
1173 2942 1299 2990 quoad
1330 2955 1382 2990 se,
1403 2950 1445 2979 ut
1469 2946 1471 2949 “

384 2990 521 3027 scilicet
550 2991 596 3028 de
626 2992 845 3028 executione
878 2993 935 3029 sui
964 2993 1106 3030 ordinis
1135 3006 1174 3030 se
1213 3007 1290 3031 non
1329 2995 1444 3032 intro·
1469 3017 1471 3028 ÷

384 3043 523 3087 mittat;
554 3051 590 3080 et
609 3045 736 3092 quoad
765 3045 870 3092 alios,
892 3053 932 3082 ut
952 3046 1094 3083 scilicet
1122 3047 1246 3084 nullus
1277 3048 1310 3084 ei
1339 3061 1443 3085 com-

384 3095 551 3132 municet
579 3096 616 3132 in
637 3097 777 3134 ordinis
807 3098 1047 3145 executione;
1078 3099 1158 3136 sive
1179 3100 1224 3137 sit
1243 3110 1444 3150 peccatum

438 3218 464 3250 α)
481 3218 672 3250 profitendo.—
689 3194 835 3252 confitendo
854 3220 1017 3252 BDEFpAK.

438 3251 462 3284 3)
483 3253 677 3278 monachatum.
691 3267 709 3272 —
727 3254 882 3279 monachum
903 3255 1039 3287 ABEFpC,
1055 3257 1243 3281 monasterium
1262 3257 1293 3286 Κ,
1311 3262 1443 3283 monaste-

385 3288 453 3312 rium
473 3289 628 3313 monachum
647 3289 664 3319 Ι,
684 3289 827 3314 monachus
847 3290 924 3319 PHa,·
943 3298 990 3323 pro
1008 3297 1092 3322 quem,
1111 3292 1182 3323 quod
1201 3292 1247 3316 HK
1267 3297 1292 3316 et
1312 3293 1356 3322 Pa,
1376 3301 1442 3326 quae

384 3323 507 3348 amittere
526 3329 624 3356 ponunt
641 3329 701 3356 post
719 3325 867 3357 acquisivit

437 3360 463 3391 γ)
482 3365 593 3390 semper.
607 3373 624 3377 —
643 3359 704 3384 Om.
723 3361 768 3384 Pa.

438 3392 462 3425 ὃ)
483 3394 595 3419 maiora.
607 3408 626 3413 -—
644 3395 712 3419 bona
729 3395 825 3420 addunt
843 3395 918 3420 BFK.

438 3429 459 3458 ε)
479 3433 681 3461 assequuntur...
694 3434 847 3461 possunt.-
864 3431 1042 3463 assequitur...
1056 3435 1146 3463 potest
1165 3432 1211 3456 Pa.

437 3463 463 3495 ζ)
482 3464 617 3496 accipit.-
634 3466 735 3496 accepit
758 3465 819 3496 GH,
845 3467 977 3497 acceperit
1002 3467 1036 3496 L,
1056 3467 1155 3499 recepit
1179 3467 1220 3492 ed.
1239 3475 1268 3498 a,
1293 3468 1387 3500 recipit
1409 3469 1442 3499 P;

387 3506 434 3530 pro
452 3499 553 3530 recipit,
572 3500 670 3532 recepit
688 3500 722 3525 G.

439 3535 465 3564 η)
485 3535 676 3559 executionem.
688 3548 707 3554 -
724 3535 911 3561 assecutionem
932 3537 1052 3567 BDEFK,
1071 3537 1236 3571 affectionem
1256 3539 1288 3564 Α.

440 3566 464 3600 θ)
483 3569 506 3593 si
524 3573 621 3594 autem.
633 3583 651 3588 -
669 3571 715 3595 sed
732 3571 838 3602 quando
856 3570 905 3597 Pa.

1085 261 1348 309 QUAESTIO
1378 261 1427 307 C,
1456 260 1752 297 ARTICULUS
1780 260 1831 296 Vl

1497 337 1576 374 eius
1604 337 1812 385 publicum,
1842 336 1923 373 sive
1953 336 2157 372 oecultum.
2189 336 2273 372 Nec
2299 342 2424 383 potest
2452 347 2558 384 repe-

2344 388 2428 424 licet
2464 388 2558 425 alius

1495 600 1700 637 simoniae:
1731 601 1761 637 si
1790 608 1847 638 est
1874 600 2081 649 publicum,
2113 607 2169 637 est
2188 600 2271 648 ipso
2290 600 2372 636 iure
2400 611 2558 648 suspen-

1494 666 1558 690 sus
1588 661 1623 690 et
1652 654 1780 702 quoad
1808 666 1849 690 se
1878 662 1915 690 et
1947 654 2076 702 quoad
2114 653 2225 699 alios3
2255 652 2285 689 si
2313 651 2442 689 autem
2461 651 2474 673 ἢ
2503 660 2560 689 est

1493 767 1588 806 tum,
1618 772 1696 796 non
1725 767 1852 796 autem
1881 760 2010 807 quoad
2039 759 2144 796 alios.

1547 814 1606 848 An
1632 824 1823 849 SECUNDUM
1847 824 2032 849 DICENDUM
2052 813 2157 861 quod
2177 824 2247 849 nec
2266 819 2423 860 propter
2450 823 2558 860 prae-

1467 875 1469 915 j
1495 873 1648 914 ceptum
1679 864 1777 911 eius,
1807 877 1878 901 nec
1907 865 2021 902 etiam
2058 873 2214 914 propter
2252 864 2558 901 excommunica-

1468 919 1469 939 ³
1494 919 1649 966 tionem,
1681 918 1794 955 debet
1822 918 1955 966 aliquis
1984 918 2151 967 recipere
2181 918 2384 955 ordinem‘
2413 919 2461 955 ab
2482 918 2558 967 epi-

1495 984 1613 1020 scopo
1643 983 1759 1020 quem
1798 971 1866 1007 scit
1894 971 2099 1008 simoniace
2127 978 2351 1020 promotum
2379 971 2413 1007 ⁸.
2446 971 2496 1008 Et
2528 971 2558 1008 si
2585 974 2596 985 ⁸

1495 1025 1701 1072 ordinetur,
1722 1036 1801 1061 non
1830 1024 1960 1073 recipit
1980 1024 2120 1061 ordinis
2145 1024 2422 1071 executionem,
2444 1024 2557 1061 etiam

1468 1084 1469 1112 l
1495 1078 1525 1115 si
1553 1078 1733 1126 ignoret*
1763 1090 1852 1115 eum
1891 1089 1973 1114 esse
2011 1077 2287 1114 simoniacum:
2317 1076 2386 1114 sed
2418 1077 2559 1125 indiget

1468 1154 1469 1166 i
1495 1131 1789 1180 dispensatione.
1818 1151 1842 1159 -
1873 1131 2060 1178 Quamvis
2088 1130 2245 1180 quidam
2274 1130 2404 1168 dicunt
2430 1131 2558 1179 quod,

1494 1185 1523 1221 si
1551 1197 1630 1222 non
1648 1192 1774 1234 potest
1791 1185 1955 1233 probare
1976 1196 2066 1221 eum
2096 1196 2178 1221 esse
2207 1183 2472 1230 simoniacum,
2494 1183 2559 1220 de·

1467 1236 1469 1250 ²
1495 1239 1558 1275 bet
1586 1238 1744 1275 obedire
1773 1238 1993 1287 recipiendo
2023 1237 2211 1284 ordinem,
2240 1238 2309 1274 sed
2337 1249 2416 1274 non
2446 1237 2560 1274 debet

1495 1291 1630 1341 exequi
1659 1291 1740 1328 sine
1769 1291 2062 1340 dispensatione.
2083 1312 2107 1318 -
2128 1290 2206 1328 Sed
2233 1291 2309 1328 hoc
2328 1290 2472 1339 absque
2501 1302 2558 1327 ra-

1493 1345 1596 1382 tione
1626 1344 1771 1382 dicitur.
1810 1344 1910 1391 Quia
1947 1345 2072 1381 nullus
2107 1344 2220 1381 debet
2256 1343 2414 1380 obedire
2447 1342 2560 1380 alicui

1494 1399 1542 1436 ad
1571 1397 1937 1435 communicandum
1957 1397 2027 1435 sibi
2047 1397 2086 1434 in
2115 1397 2215 1434 facto
2234 1397 2374 1434 illicito.
2405 1397 2468 1434 llle
2492 1409 2559 1434 au-

1467 1493 1468 1498 ,
1493 1460 1571 1489 tem
1601 1451 1666 1501 qui
1695 1458 1751 1488 est
1779 1450 1863 1500 ipso
1892 1451 1973 1488 iure
2002 1462 2209 1500 suspensus
2238 1458 2275 1487 et
2302 1449 2432 1499 quoad
2460 1462 2500 1486 se
2523 1458 2560 1487 et

1467 1509 1468 1536 ἐ
1494 1506 1623 1555 quoad
1651 1505 1757 1550 alios,
1786 1504 1908 1541 illicite
1938 1504 2084 1541 confert
2111 1503 2298 1541 ordinem.
2336 1503 2449 1540 Unde
2477 1503 2559 1540 nul-

1494 1559 1551 1595 lus
1580 1558 1694 1596 debet
1722 1558 1793 1595 sibi
1822 1558 2109 1594 communicare
2127 1555 2143 1579 λ
2170 1556 2389 1607 recipiendo
2418 1556 2467 1593 ab
2497 1568 2558 1605 eo,

1494 1623 1738 1661 quacumque
1767 1623 1812 1648 ex
1842 1623 1967 1648 causa.
1998 1610 2038 1648 Si
2066 1612 2193 1647 autem
2223 1611 2257 1647 ei
2286 1622 2364 1648 non
2393 1617 2558 1659 constat,

1467 1665 1468 1669 ’
1493 1677 1572 1702 non
1601 1666 1715 1702 debet
1743 1664 1897 1701 credere
1916 1671 2119 1713 peccatum
2142 1663 2315 1701 alterius:
2346 1671 2382 1700 et
2399 1663 2450 1700 ita
2468 1675 2559 1702 cum

1467 1742 1468 1768 5
1494 1720 1596 1756 bona
1625 1717 1855 1755 conscientia
1884 1717 1998 1755 debet
2025 1718 2072 1755 ab
2102 1729 2148 1753 eo
2178 1717 2353 1754 ordinem
2376 1717 2558 1766 recipere.

435 1774 660 1810 RESPONDEo
688 1784 872 1809 DICENDUM
901 1772 1007 1819 quod
1035 1772 1158 1808 nullus
1190 1779 1316 1820 potest
1343 1772 1440 1810 licite
1467 1771 1468 1775 ’

1549 1771 1589 1808 Si
1617 1779 1745 1808 autem
1775 1771 1978 1820 episcopus
1997 1771 2043 1808 sit
2071 1770 2302 1808 simoniacus
2326 1770 2454 1819 aliquo
2483 1770 2557 1807 alio

1494 1825 1613 1862 modo
1643 1836 1758 1874 quam
1786 1836 1854 1874 per
1886 1824 2172 1873 promotionem
2201 1836 2310 1861 suam
2348 1824 2559 1861 simoniace

1494 1879 1645 1925 factam,
1675 1885 1801 1927 potest
1829 1877 1998 1926 recipere
2017 1879 2066 1914 ab
2095 1889 2142 1914 eo
2171 1877 2357 1925 ordinem,
2377 1877 2408 1914 si
2431 1877 2477 1914 sit
2495 1890 2558 1916 oc-

1496 1933 1657 1969 cultum:
1688 1931 1775 1980 quia
1803 1943 1882 1968 non
1903 1939 1958 1968 est
1977 1943 2183 1979 suspensus
2202 1931 2333 1979 quoad
2361 1930 2465 1978 alios,
2490 1931 2560 1968 sed

1468 2003 1469 2007 ¹
1495 1986 1621 2022 solum
1650 1984 1780 2034 quoad
1807 1984 1988 2033 seipsum,
2017 1992 2059 2021 ut
2086 1983 2230 2021 dictum
2258 1991 2314 2021 est
2331 1983 2363 2020 ⁹¹².

1548 2041 1607 2075 AD
1630 2049 1791 2075 TERTmM
1810 2049 1995 2075 DlCENDUM
2025 2037 2130 2087 quod
2157 2038 2232 2074 hoc
2260 2037 2367 2086 quod
2386 2042 2404 2066 μ
2423 2036 2560 2086 aliquis

1494 2091 1664 2141 privetur
1691 2104 1739 2128 eo
1769 2091 1875 2139 quod
1904 2096 2061 2140 accepit,
2086 2103 2165 2128 non
2194 2091 2319 2128 solum
2349 2098 2405 2128 est
2432 2102 2560 2140 poena

1494 2145 1652 2195 peccati,
1669 2145 1738 2182 sed
1759 2145 1870 2182 etiam
1891 2145 2123 2194 quandoque
2144 2151 2201 2181 est
2221 2144 2379 2182 effectus
2399 2143 2560 2192 acquisi-

1495 2198 1607 2235 tionis
1635 2198 1814 2235 iniustae:
1844 2206 1935 2247 puta
1964 2210 2053 2235 cum
2091 2197 2225 2247 aliquis
2263 2198 2355 2235 emit
2383 2210 2466 2235 rem
2493 2198 2561 2236 ali-

1495 2264 1614 2301 quam
1647 2251 1695 2288 ab
1732 2263 1778 2288 eo
1816 2252 1881 2299 qui
1907 2252 2076 2289 vendere
2110 2263 2190 2288 non
2216 2259 2353 2300 potest.
2390 2252 2439 2289 Et
2470 2251 2560 2289 ideo

1495 2305 1526 2342 si
1563 2305 1698 2353 aliquis
1735 2304 1895 2342 scienter
1928 2313 1964 2342 et
1992 2305 2145 2354 propria
2179 2313 2314 2354 sponte
2351 2304 2560 2342 simoniace

1495 2358 1653 2408 accipiat
1681 2358 1856 2395 ordinem
1888 2359 1950 2395 vel
1979 2357 2275 2395 ecclesiasticum
2311 2358 2558 2407 beneficium,

1496 2424 1574 2448 non
1603 2412 1725 2448 solum
1755 2411 1925 2460 privatur
1953 2423 2000 2448 eo
2030 2411 2135 2460 quod
2168 2411 2325 2460 accepit,
2353 2419 2395 2448 ut
2422 2411 2562 2449 scilicet

1496 2473 1620 2501 careat
1649 2465 1872 2502 executione
1900 2464 2042 2501 ordinis
2072 2472 2108 2501 et
2136 2465 2368 2501 beneficium
2397 2465 2562 2513 resignet

1497 2530 1584 2554 cum
1614 2518 1795 2554 fructibus
1832 2517 1920 2554 inde
1956 2517 2143 2566 perceptis
2163 2523 2193 2563 *ς
2223 2518 2290 2555 sed
2319 2517 2433 2554 etiam
2467 2518 2561 2555 ulte·
2604 2555 2606 2557 ,

1497 2571 1572 2607 rius
1600 2570 1766 2619 punitur,
1797 2570 1886 2618 quia
1906 2578 2057 2607 notatur
2076 2570 2247 2616 infamia3
2278 2578 2315 2607 et
2337 2579 2484 2608 tenetur
2511 2571 2561 2609 ad

1496 2623 1747 2660 restituendos
1786 2623 1927 2659 fructus
1962 2636 2040 2660 non
2078 2625 2200 2660 solum
2238 2632 2455 2674 perceptos,
2493 2626 2559 2662 sed

1497 2676 1610 2713 etiam
1639 2689 1705 2713 eos
1733 2676 1798 2724 qui
1820 2676 1964 2725 percipi
1983 2685 2190 2725 potuerunt
2218 2690 2239 2713 a
2263 2690 2485 2726 possessore
2506 2677 2561 2715 di-

1496 2730 1621 2778 ligenti
1650 2730 1770 2778 (quod
1798 2737 1926 2767 tamen
1955 2730 2241 2778 intelligendum
2277 2738 2333 2767 est
2360 2731 2408 2768 de
2436 2731 2562 2768 fructi-

1497 2783 1568 2819 bus
1588 2783 1654 2831 qui
1673 2781 1684 2807 Ε
1710 2791 1912 2832 supersunt
1932 2783 2103 2820 deductis
2123 2784 2298 2832 expensis
2316 2784 2423 2821 factis
2446 2797 2562 2822 causa

1497 2836 1699 2882 fructuum,
1721 2835 1886 2884 exceptis
1911 2836 2093 2873 fructibus
2113 2837 2182 2874 illis
2211 2837 2276 2887 qui
2296 2837 2387 2875 alias
2406 2837 2562 2887 expensi

1498 2897 1585 2926 sunt
1611 2890 1649 2926 in
1677 2889 1876 2926 utilitatem
1907 2889 2118 2936 ecclesiae).
2149 2911 2174 2919 -
2203 2890 2243 2927 Si
2270 2903 2384 2938 vero,
2415 2903 2462 2928 eo
2491 2903 2563 2928 nec

1496 2943 1650 2979 volente
1670 2954 1741 2979 nec
1761 2942 1903 2979 sciente
1923 2948 1948 2990 ⁰,
1974 2955 2043 2992 per
2061 2943 2155 2980 alios
2184 2943 2341 2981 alicuius
2366 2943 2561 2993 promotio

1498 2995 1706 3032 simoniace
1735 3004 1971 3044 procuratur,
1993 3005 2096 3033 caret
2123 2996 2280 3045 quidem
2306 2997 2450 3035 ordinis
2479 3009 2563 3035 exe-

1499 3049 1661 3096 cutione,
1685 3056 1720 3085 et
1738 3057 1887 3086 tenetur
1907 3049 2096 3098 resignare
2124 3050 2356 3088 beneficium
2377 3051 2481 3100 quod
2507 3058 2563 3088 est

1469 3136 1472 3145 ,
1499 3109 1736 3149 consecutus,
1767 3114 1855 3139 cum
1884 3103 2066 3140 fructibus
2095 3104 2309 3141 extantibus
2328 3109 2347 3126 π
2375 3106 2468 3151 (non
2497 3116 2563 3141 au-

1549 3225 1567 3256 ι)
1587 3224 1718 3249 ordinem.
1731 3238 1750 3244 -
1768 3225 1964 3250 ordinationem
1985 3225 2012 3250 Ρ.

1548 3259 1574 3290 κ)
1594 3259 1739 3291 ignoret.-
1757 3260 1867 3292 ignorat
1885 3260 1918 3290 H,
1939 3256 2078 3293 ignorhet
2097 3261 2142 3287 Pa.

1547 3292 1575 3325 λ)
1595 3295 1798 3320 communicare.
1811 3295 1954 3321 —obedire
1972 3296 2020 3322 Pa.

1549 3329 1576 3363 μ)
1597 3329 1645 3355 hoc
1663 3330 1744 3362 quod.
1756 3345 1775 3349 -
1793 3330 1830 3355 ad
1848 3330 1897 3356 hoc
1915 3331 1987 3364 quod
2005 3332 2164 3362 PBDFLsG,
2182 3333 2220 3358 ad
2238 3333 2287 3358 hoc
2305 3332 2395 3366 quoad
2412 3332 2464 3366 pK,
2477 3333 2502 3358 si
2514 3332 2558 3362 sK,

1494 3372 1548 3389 om.
1567 3364 1606 3396 pC

1546 3400 1569 3432 ν)
1591 3399 1651 3424 inde
1661 3401 1833 3432 perceptis.-
1848 3401 1934 3427 medio
1947 3405 2067 3434 tempore
2073 3403 2209 3436 perceptis
2228 3404 2291 3430 inde
2304 3403 2336 3435 D,
2350 3402 2517 3435 imperceptis
2531 3403 2560 3428 Ρ.

1496 3435 1558 3460 inde
1576 3436 1689 3467 receptis
1707 3436 1746 3460 ed.
1765 3443 1791 3460 a.

1550 3468 1573 3501 ξ)
1592 3471 1678 3503 qui.—
1695 3471 1776 3495 etiam
1795 3471 1841 3504 qui
1859 3472 1939 3497 ΑΗΚ.

1550 3506 1575 3537 ο)
1595 3513 1642 3531 nec
1661 3506 1763 3532 volente
1780 3514 1828 3532 nec
1845 3507 1950 3532 sciente.
1963 3521 1982 3528 -
2002 3509 2131 3534 nesciente
2149 3516 2198 3534 nec
2215 3509 2318 3534 volente
2337 3508 2383 3534 Pa·

1549 3541 1578 3573 π)
1598 3542 1761 3567 extantibus.
1774 3555 1794 3562 ·—
1811 3543 1986 3568 existentibus
2004 3544 2059 3574 AK,
2079 3551 2132 3569 om.
2153 3544 2185 3568 H.
