2860 4238
161 746 169 755 ⁸
185 746 221 767 Cf.

162 772 221 793 trod.

161 799 170 808 ⁸
185 798 269 851 ἔδων
248 803 311 818 exn.

1093 163 1358 209 QUAESTIO
1388 163 1507 210 CXII,
1537 164 1831 201 ARTICULUS
1862 164 1875 199 l

787 410 1197 487 QUAESTIO
1238 410 2193 468 CENTESIMADUODECIMA

1182 529 1223 568 D
1242 529 1280 568 E
1330 528 1347 568 1
1365 528 1407 568 A
1426 528 1461 569 c
1479 529 1518 568 T
1535 529 1577 569 A
1593 529 1634 569 N
1652 529 1690 569 T
1708 529 1726 569 1
1743 530 1784 570 A

1213 643 1247 668 IN

237 746 371 773 qu-cx‚1n-
401 746 592 831 DEiNDE
604 734 922 772 considerandum
953 742 1007 770 est
1031 734 1077 771 de
1097 733 1305 771 iactantia*
1329 741 1365 770 et
1383 734 1456 770 iro-
1482 732 1484 759 ¹

481 799 542 824 nia
561 787 580 809 ’¹‘
622 799 720 835 quae
750 795 835 824 sunt
859 795 985 836 partes
1010 786 1212 834 mendacii,
1244 787 1454 823 secundum
1482 774 1484 823 l

161 826 260 898 {chva
206 857 229 876 4
249 803 334 871 -¹¹Sh¹¹'
325 829 371 870 ³s¹²13
399 841 689 888 Philosophum,
719 840 756 876 in
786 840 837 876 IV
863 840 983 877 Ethi.c
1004 839 1024 862 '¹‘
1482 830 1483 888 l

167 2733 216 2755 'Ca
235 2739 376 2760 .vn‚n.12.—

167 2760 192 2796 .8.
207 2740 252 2781 ἹΡὴ.
272 2760 322 2782 lect.
343 2766 375 2781 ix.

296 2792 309 2807 ¹²
327 2792 374 2813 24·
403 2782 454 2818 IV
472 2781 491 2802 '¹‘
518 2782 651 2828 Ethia,
676 2782 892 2819 iactantiam
922 2782 1082 2831 opponit
1100 2788 1115 2811 Ὺ
1142 2782 1300 2819 veritati.

167 2786 260 2834 ⁸9³4...
275 2802 366 2834 1204...

1277 642 1370 668 DUOS
1397 642 1599 668 ARTICULOS
1628 643 1743 669 DIVISA

1511 732 1641 769 Primo
1671 739 1798 767 autem
1838 730 1936 766 circa
1963 730 2180 767 iactantiam
2213 738 2447 778 quaeruntur
2481 729 2570 767 duo.

1562 785 1715 821 Primo:
1746 783 1805 819 cui
1833 782 1960 819 virtuti
1980 788 1998 804 ²
2026 790 2254 831 opponatur.

1566 837 1766 874 Secundo:
1796 842 1923 872 utrum
1957 834 2004 872 sit
2026 843 2232 883 peccatum
2260 835 2433 872 mortale.

1206 947 1525 990 ARTICULUS
1556 945 1762 989 PRIMUS

898 1041 1053 1072 UTRUM
1078 1041 1316 1072 IACTANTIA
1341 1039 1607 1071 OPPONATUR
1630 1038 1810 1070 leTUTl
1834 1036 2065 1068 VERITATls

1340 1119 1374 1142 IV
1396 1118 1491 1147 Ethic„

486 1219 491 1231 1
517 1234 532 1248 Ἴ
534 1228 570 1246 ,.
611 1210 632 1234 D
652 1209 789 1234 PR1MUM
818 1209 870 1234 s1c
899 1208 1138 1233 PROCEDITUR.
1167 1191 1327 1233 Videtur
1353 1196 1457 1254 quod
1483 1194 1485 1243 l

452 1243 459 1250 ¹
536 1254 589 1313 χρ
610 1250 783 1287 lactantia
808 1262 885 1286 non
920 1257 1136 1298 opponatur
1163 1249 1291 1286 virtuti
1323 1249 1459 1286 verita·
1483 1245 1485 1298 l

417 1295 602 1393 “effi
609 1302 960 1414 ἓίἀνξῖἰὲῗξὲὲἓῖξξ
976 1302 1485 1404 Οξὲῗεῖἷωὲζέἒῖἶῖῗὲἓὶῗᾼ

400 1409 514 1445 etlam
543 1408 622 1444 sine
657 1408 880 1455 mendacio,
920 1408 1015 1445 sicut
1049 1420 1135 1444 cum
1169 1408 1304 1455 aliquis
1339 1411 1459 1444 excel-

397 1461 552 1498 lentiam
586 1474 693 1498 suam
725 1469 907 1498 ostentat:
939 1461 1071 1498 dicitur
1100 1461 1201 1497 enim
1228 1462 1364 1498 Esther
1389 1473 1398 1497 1
1421 1460 1456 1508 ²¹⁶,

399 1514 503 1564 quod
526 1515 712 1551 Assuerus
728 1515 827 1563 fecit
851 1515 999 1564 grande
1027 1514 1253 1559 convivium,
1275 1520 1315 1550 ut
1341 1519 1460 1550 osten-

399 1568 500 1604 deret
527 1567 673 1604 divitias
700 1567 849 1616 gloriae
875 1579 966 1604 suae
993 1579 1039 1604 ac
1067 1567 1178 1616 regni
1202 1567 1275 1612 sui,
1305 1579 1351 1603 ac
1379 1579 1458 1603 ma-

397 1620 630 1670 gnitudinem
649 1626 760 1668 atque
778 1621 994 1657 iactantiam
1013 1621 1201 1669 potentiae
1223 1632 1326 1656 suae.
1356 1620 1458 1667 Ergo

398 1673 574 1709 iactantia
602 1685 679 1709 non
709 1673 1068 1722 opponitur-virtuti
1095 1672 1273 1709 veritatis.

454 1738 488 1762 2.
523 1727 759 1773 PRAETEREA,
802 1726 975 1762 iactantia
1021 1726 1174 1774 ponitur
1206 1738 1227 1762 a
1261 1724 1458 1772 Gregorio,

345 1791 371 1812 v,
400 1779 522 1815 XXIII
543 1779 686 1816 Moral.
708 1779 738 1825 ³¹⁶,
760 1791 836 1815 una
860 1779 907 1815 de
927 1786 1090 1827 quatuor
1113 1778 1310 1826 speciebus
1331 1790 1460 1826 super-

401 1832 506 1868 biae:
528 1844 615 1867 eum
644 1832 782 1868 scilicet
803 1831 885 1880 quis
905 1831 1015 1868 iactat
1034 1844 1073 1868 se
1093 1832 1235 1868 habere
1256 1831 1360 1878 quod
1381 1843 1460 1867 non
1486 1847 1487 1882 ἦ

323 1895 345 1909 ⁰·
400 1885 524 1921 habet.
546 1884 656 1921 Unde
674 1885 806 1921 dicitur
822 1886 954 1921 Ierem.
976 1896 1083 1921 XLvm
1103 1883 1138 1920 *ε
1158 1884 1382 1920 Audivimus
1399 1896 1459 1919 su·
1486 1893 1487 1897 ¹

393 1937 568 1997 perbiam
595 1938 738 1974 Moab:
762 1939 942 1985 superbus
961 1943 1016 1973 est
1039 1937 1158 1974 valde.
1189 1937 1459 1973 Sublimitatem

400 1991 478 2026 eius
497 1996 532 2026 et
555 1991 818 2039 arrogantiam
842 1996 876 2026 et
892 1990 1105 2038 superbiam
1129 1995 1164 2026 et
1195 1989 1425 2026 altitudinem
1445 1987 1460 2018 β

400 2044 522 2079 cordis
559 2043 654 2079 illius
691 2055 762 2092 ego
795 2044 891 2088 scio,
921 2043 975 2079 ait
1001 2043 1208 2079 Domi:nus
1244 2020 1488 2098 iactantiaml

1511 1119 1569 1142 lect.
1587 1124 1630 1141 xv.

1515 1196 1602 1231 Cor.
1632 1206 1680 1231 xu
1699 1194 1739 1230 *ε
1769 1195 1911 1230 Pareo.-
1940 1177 1986 1230 ne
2005 1194 2086 1242 quis
2105 1205 2166 1230 me
2192 1193 2378 1230 existimet
2402 1205 2518 1242 supra
2538 1194 2576 1231 id

1510 1247 1611 1296 quod
1637 1247 1737 1284 videt
1762 1247 1799 1283 in
1828 1258 1900 1292 me,
1920 1252 1988 1283 aut
2012 1246 2118 1283 audit
2142 1247 2286 1294 aliquid
2311 1258 2361 1283 ex
2387 1258 2457 1283 me.
2487 1247 2572 1284 Alio

1483 1301 1485 1307 ’
1511 1300 1630 1337 modo
1660 1300 1793 1348 aliquis
1822 1311 1890 1348 per
1922 1299 2042 1335 verba
2076 1311 2116 1335 se
2155 1299 2293 1336 extollit
2327 1300 2489 1348 loquens
2526 1299 2573 1337 de

1512 1366 1552 1390 se
1581 1365 1696 1401 supra
1723 1352 1762 1389 id
1791 1352 1896 1411 quod
1924 1351 1962 1388 in
1992 1364 2032 1388 se
2062 1359 2117 1388 est
2145 1351 2356 1389 secundum
2394 1352 2448 1389 rei
2476 1353 2575 1390 veri-

1484 1414 1639 1444 tatem
1670 1407 1719 1442 Et
1740 1405 1829 1453 quia
1848 1406 1968 1464 magis
1988 1412 2044 1442 est
2071 1404 2213 1452 aliquid
2241 1404 2488 1442 iudicandum
2517 1417 2574 1443 se-

1513 1459 1682 1496 cundum
1717 1458 1821 1507 quod
1849 1459 1887 1495 in
1916 1470 1955 1495 se
1985 1466 2041 1495 est
2069 1470 2183 1506 quam
2222 1459 2435 1495 secundum
2467 1458 2575 1506 quod

1513 1521 1568 1549 est
1595 1511 1634 1548 in
1671 1511 1851 1560 opinione
1889 1511 2070 1556 aliorum,
2109 1510 2197 1547 inde
2226 1518 2280 1548 est
2318 1511 2423 1559 quod
2455 1511 2575 1560 tnagis

1511 1564 1664 1614 proprie
1694 1564 1828 1601 dicitur
1855 1564 2029 1601 Iactantia
2058 1565 2212 1612 quando
2237 1564 2371 1612 aliquis
2400 1564 2508 1601 effert
2533 1575 2574 1601 se

1513 1630 1628 1667 supra
1656 1617 1694 1654 id
1722 1617 1828 1665 quod
1857 1617 1894 1654 in
1922 1618 2005 1666 ipso
2035 1625 2102 1663 est,
2132 1629 2248 1664 quam
2277 1617 2431 1666 quando
2465 1617 2575 1654 effert

1513 1684 1553 1707 se
1574 1682 1689 1719 supra
1708 1670 1746 1707 id
1766 1670 1870 1719 quod
1891 1678 1947 1707 est
1966 1670 2004 1707 in
2023 1669 2203 1718 opinione
2231 1670 2412 1707 aliorum:
2442 1682 2576 1719 quam·

1512 1724 1571 1760 vis
1600 1732 1762 1770 utroque
1791 1723 1910 1760 modo
1940 1723 2114 1760 iactantia
2143 1722 2215 1759 dici
2242 1723 2374 1771 possit.
2410 1724 2459 1759 Et
2485 1723 2573 1760 ideo

1513 1776 1686 1813 iactantia
1705 1776 1858 1825 proprie
1881 1776 1979 1813 dicta
1999 1775 2204 1825 opponitur
2221 1775 2368 1812 veritati
2395 1787 2463 1825 per
2491 1788 2574 1812 mo-

1515 1830 1607 1866 dum
1637 1841 1824 1866 excessus.

1566 1884 1625 1919 AD
1654 1894 1789 1919 ramum
1819 1893 1916 1918 ERGO
1946 1892 2130 1918 DICENDUM
2155 1880 2258 1930 quod
2288 1880 2380 1918 ratio
2401 1881 2463 1918 illa
2486 1893 2573 1930 pro-

1486 1958 1487 1975 2
1514 1935 1612 1972 cedit
1641 1935 1687 1972 de
1716 1935 1892 1972 iactantia
1928 1934 2140 1972 secundum
2177 1934 2282 1983 quod
2320 1933 2466 1972 excedit
2494 1934 2575 1983 opi-

1514 1988 1681 2025 nionem.

1567 2043 1624 2077 AD
1654 2053 1843 2078 SECUNDUM
1869 2051 2052 2077 DICENDUM
2077 2039 2182 2088 quod
2207 2047 2404 2088 peccatum
2434 2039 2572 2077 iactan-

400 2096 494 2141 ei,us
525 2101 560 2132 et
587 2096 687 2144 quod
713 2108 787 2132 non
815 2097 863 2132 sit
889 2097 994 2132 iuxta
1027 2108 1111 2132 eam
1140 2096 1258 2132 virtus
1292 2096 1381 2132 eius.
1412 2096 1487 2133 Et}
1513 2094 1586 2130 tiae
1615 2101 1739 2142 potest
1759 2093 1990 2130 considerari
2019 2092 2226 2152 dupliciter.
2256 2093 2343 2130 Uno
2365 2092 2495 2139 modo,
2516 2105 2573 2130 se-

265 2160 309 2175 ¹2v
340 2160 372 2201 2¹3
401 2149 524 2185 ΧΧΧΙ
552 2149 697 2186 Moral.
722 2149 761 2195 ²¹⁸,
793 2149 880 2186 dicit
914 2149 1120 2196 Gregorius
1149 2149 1252 2197 quod
1286 2147 1460 2185 iactantia
1486 2135 1488 2191 l
1514 2147 1683 2184 cundum
1703 2147 1870 2196 speciem
1900 2154 2015 2183 actuS.
2045 2147 2094 2182 Et
2112 2145 2166 2182 sic
2192 2145 2397 2194 opponitur
2414 2145 2573 2194 veritati,

402 2201 517 2238 oritur
547 2214 590 2238 ex
610 2201 711 2238 inani
740 2179 868 2249 gloria.
904 2202 1088 2249 Superbia
1118 2209 1246 2238 autern
1275 2209 1311 2238 et
1338 2201 1460 2238 inanis
1486 2212 1487 2225 ¹
1512 2207 1555 2236 ut
1573 2200 1716 2237 dictum
1737 2207 1793 2237 est
1810 2200 1841 2237 ³¹⁸.
1871 2221 1894 2227 -
1924 2199 2010 2236 Alio
2031 2199 2162 2246 modo,
2183 2198 2396 2236 secundum
2417 2211 2571 2237 causam

401 2254 518 2302 gloria
538 2263 783 2302 opponuntur
801 2255 927 2291 virtuti
947 2255 1177 2292 humilitatis.
1200 2255 1301 2302 Ergo
1321 2253 1460 2291 iactan—
1485 2250 1488 2326 1
1514 2265 1635 2297 suam,
1667 2265 1711 2290 ex
1740 2265 1828 2301 qua,
1855 2252 1922 2289 etsi
1951 2265 2028 2289 non
2059 2264 2224 2300 semper,
2243 2259 2372 2288 tamen
2400 2251 2574 2300 frequen-

401 2307 451 2343 tia
481 2319 558 2343 non
588 2307 791 2355 opponitur
818 2307 976 2345 veritati.
1006 2308 1073 2344 sed
1101 2307 1313 2344 humilitati.
1513 2306 1586 2343 tius
1614 2306 1760 2344 accidit.
1792 2307 1839 2342 Et
1867 2306 1919 2342 sic
1947 2305 2118 2365 procedit
2138 2304 2294 2352 quidem
2323 2317 2368 2341 ex
2397 2304 2575 2353 superbia

459 2360 492 2396 3.
515 2361 753 2406 PRAETEREA,
783 2360 956 2397 iactantia
986 2373 1031 2396 ex
1059 2361 1196 2398 divitiis
1231 2359 1375 2396 causari
1404 2359 1459 2396 vi·
1486 2331 1487 2399 l
1514 2359 1607 2396 sicut
1637 2372 1681 2395 ex
1711 2372 1825 2395 causa
1854 2359 2006 2395 interius
2027 2357 2171 2394 motiva
2201 2365 2236 2394 et
2263 2357 2498 2406 impellente.
2529 2369 2574 2395 ex

404 2413 530 2448 detur:
561 2413 663 2449 unde
693 2413 827 2449 dicitur
854 2414 940 2461 Sap.
971 2425 994 2449 v
1012 2414 1046 2449 *ε
1081 2414 1180 2455 Quid
1197 2413 1302 2449 nobis
1315 2409 1487 2460 profuit}
1513 2413 1588 2448 hoc
1616 2412 1718 2448 enirn
1748 2411 1853 2459 quod
1882 2411 2014 2460 aliquis
2043 2410 2196 2455 interius
2224 2423 2293 2459 per
2319 2410 2573 2458 arrogantiam

401 2465 606 2512 superbia?
632 2466 711 2501 Aut
744 2466 834 2513 quid
861 2466 1076 2502 divitiarum
1105 2467 1281 2502 iactantia
1309 2466 1463 2502 contulit

403 2517 534 2554 nobis?
562 2518 638 2554 Sed
666 2518 904 2566 superfluitas
934 2518 1149 2555 divitiarum
1178 2518 1328 2555 videtur
1351 2518 1461 2566 perti—

403 2582 491 2606 nere
522 2570 571 2607 ad
598 2578 798 2618 peccatum
827 2571 1017 2618 avaritiae,
1048 2571 1152 2620 quod
1182 2570 1387 2619 opponitur
1405 2570 1460 2607 iu-

403 2623 521 2659 stitiae
549 2624 611 2659 vel
639 2623 858 2661 liberalitati.
898 2625 987 2661 Non
1018 2636 1107 2672 ergo
1136 2624 1312 2661 iactantia
1341 2636 1461 2672 oppo-

403 2676 502 2712 nitur
529 2676 687 2713 veritati.

457 2729 529 2765 SED
557 2740 703 2766 CONTRA
731 2741 797 2766 EST
825 2730 931 2777 quod
959 2729 1227 2789 Philosophus,
1258 2729 1295 2766 in
1327 2731 1357 2765 II
1379 2729 1399 2751 ’¹‘
1427 2736 1463 2765 et

456 2835 680 2871 RESPONDEO
701 2847 883 2872 DICENDUM
903 2836 1006 2883 quod
1027 2835 1201 2872 iactantia
1221 2835 1373 2884 proprie
1394 2835 1460 2871 im-

404 2895 553 2946 portare
588 2887 737 2925 videtur
765 2888 870 2937 quod
907 2890 1026 2925 homo
1065 2888 1191 2925 verbis
1221 2900 1261 2924 se
1291 2889 1460 2925 extollat:

403 2940 463 2976 illa
493 2940 592 2976 enirn
621 2953 720 2989 quae
754 2941 873 2977 homo
906 2942 988 2978 vult
1021 2942 1132 2989 longe
1161 2942 1314 2985 iactare,
1346 2941 1383 2977 in
1412 2942 1461 2978 al-

404 3000 485 3028 tum
515 2993 647 3029 elevat.
683 2995 795 3030 Tunc
823 3001 951 3031 autem
988 2994 1140 3043 proprie
1170 2994 1302 3043 aliquis
1331 3006 1371 3030 se
1400 3006 1462 3030 ex-

404 3045 508 3091 tollit,
530 3045 683 3105 quando
713 3046 760 3083 de
782 3059 821 3083 se
850 3059 964 3095 supra
984 3059 1024 3084 se
1045 3047 1184 3095 aliquid
1215 3046 1313 3084 dicit.
1345 3042 1490 3093 Quod

405 3097 560 3146 quidem
581 3098 759 3146 contingit
780 3099 987 3147 dupliciter.
1014 3100 1256 3148 Quandoque
1278 3099 1378 3136 enim
1399 3100 1462 3136 ali-

406 3151 487 3198 quis
515 3151 678 3199 loquitur
706 3151 753 3188 de
782 3164 833 3188 se.
859 3164 937 3188 non
966 3152 1120 3200 quidem
1150 3165 1262 3200 supra
1290 3152 1328 3189 id
1356 3150 1489 3200 quod

405 3203 442 3239 in
463 3216 500 3239 se
523 3211 588 3251 est,
610 3204 677 3240 sed
706 3216 820 3252 supra
839 3204 878 3241 id
898 3205 1002 3253 quod
1031 3205 1077 3241 de
1107 3217 1152 3241 eo
1182 3204 1357 3241 homines
1382 3205 1462 3253 opi·
1488 3208 1489 3253 ζ

405 3264 551 3292 nantur.
589 3257 703 3302 Quod
741 3258 947 3306 Apostolus
983 3257 1170 3305 refugiens
1207 3257 1311 3304 dicit,
1349 3259 1379 3293 ΙΙ
1413 3258 1489 3298 ad}

459 3387 486 3418 α)
506 3387 608 3412 virtuti.
626 3401 643 3405 —
661 3387 770 3412 veritati
787 3388 907 3412 ABEFK.

1514 2477 1628 2523 supra
1648 2465 1815 2523 seipsum
1837 2465 2016 2511 elevatur,
2037 2463 2204 2512 sequitur
2222 2463 2449 2512 plerumque
2468 2463 2575 2511 quod

1516 2517 1675 2553 exterius
1696 2518 1842 2554 maiora
1857 2517 2047 2565 quaedam
2071 2517 2117 2554 de
2139 2528 2179 2552 se
2198 2516 2329 2562 iactet;
2357 2516 2441 2552 licet
2456 2528 2574 2565 quan·

1515 2570 1641 2618 doque
1670 2582 1747 2607 non
1779 2582 1823 2606 ex
1852 2570 2075 2618 arrogantia,
2106 2569 2173 2606 sed
2202 2581 2247 2605 ex
2276 2570 2441 2617 quadam
2470 2569 2575 2606 vani-

1487 2631 1587 2685 3tate
1623 2622 1759 2672 aliquiS
1791 2623 1840 2660 ad
1877 2623 2091 2660 iactantiam
2130 2622 2329 2671 procedat,
2363 2629 2399 2659 et
2434 2622 2473 2659 in
2500 2623 2575 2660 hoc

1516 2676 1722 2713 delectetur
1756 2676 1845 2724 quia
1872 2675 1954 2713 talis
1983 2684 2038 2713 est
2072 2675 2284 2712 secundum
2311 2675 2496 2712 habitum.
2526 2675 2576 2713 Et

1515 2729 1602 2766 ideo
1632 2729 1853 2776 arrogantia,
1875 2741 1943 2777 per
1971 2741 2087 2778 quarn
2107 2727 2241 2777 aliquis
2269 2740 2383 2777 supra
2407 2728 2574 2777 seipsum

1488 2787 1489 2792 ’
1516 2781 1715 2829 extollitur,
1747 2789 1802 2818 est
1829 2782 2029 2831 superbiae
2058 2781 2219 2830 species,
2249 2794 2327 2818 non
2363 2789 2491 2818 tamen
2520 2789 2576 2818 est

1515 2835 1618 2872 idem
1647 2835 1856 2882 iactantiae,
1887 2834 1966 2882 sed,
1995 2843 2036 2871 ut
2064 2833 2307 2883 frequentius,
2333 2834 2413 2871 eius
2442 2846 2573 2871 causa:

1517 2895 1553 2924 et
1579 2896 1735 2936 propter
1761 2889 1835 2925 hoc
1863 2887 2069 2936 Gregorius
2102 2887 2316 2925 iactantiam
2345 2886 2452 2936 ponit
2478 2887 2575 2925 inter

1488 2941 1716 2989 superbiae
1736 2940 1893 2989 species.
1923 2963 1946 2969 -
1967 2940 2107 2978 Tendit
2135 2949 2262 2978 autem
2278 2938 2291 2962 δ
2317 2940 2473 2977 iactator
2495 2941 2574 2989 ple-

1488 3006 1678 3048 rumque
1706 2994 1754 3031 ad
1782 2995 1857 3031 hoc
1890 2994 1994 3042 quod
2027 2993 2184 3041 gloriam
2219 3000 2473 3041 consequatur
2506 3005 2574 3042 per

1515 3059 1623 3083 suam
1664 3047 1892 3084 iactantiam.
1937 3048 1985 3084 Et
2025 3047 2133 3094 ideo,
2178 3046 2389 3084 secundum
2431 3047 2575 3094 Grego-

1488 3112 1489 3155 3
1514 3100 1625 3146 rium,
1648 3112 1691 3136 ex
1720 3100 1822 3137 inani
1850 3099 1968 3147 gloria
1997 3099 2115 3136 oritur
2143 3099 2355 3137 secundum
2385 3098 2573 3136 rationem

1514 3152 1612 3189 finis.

1567 3207 1626 3241 An
1649 3216 1808 3241 TERTmM
1827 3217 2011 3242 mCENDUM
2032 3205 2136 3254 quod
2164 3204 2356 3254 opulentia
2380 3204 2492 3242 etiam
2521 3203 2573 3240 ia-

1516 3257 1695 3294 ctantiam
1725 3265 1854 3294 causat
1882 3257 2090 3306 dupliciter.
2128 3257 2216 3295 Uno
2245 3257 2377 3305 modo,
2407 3256 2574 3293 occasio-

1566 3388 1593 3421 γ)
1614 3388 1815 3420 Philosophus...
1834 3389 1989 3420 opponit.—
2007 3388 2182 3420 Philosophus
2201 3388 2293 3413 dt'ci't...
2311 3386 2410 3419 opponi
2427 3386 2573 3416 Pa,Ph1·10-

461 3420 484 3453 β)
504 3422 681 3447 altitudinem.
699 3437 717 3440 —
736 3423 902 3448 latitudinem
928 3423 960 3453 P;
986 3431 1032 3455 pro
1058 3426 1084 3448 et
1108 3423 1192 3455 quod,
1217 3430 1247 3448 eo
1269 3423 1338 3455 quod
1357 3424 1390 3453 P;
1413 3431 1460 3456 pro
1513 3424 1637 3455 sophus...
1655 3423 1720 3448 dicit
1738 3424 1808 3456 quod
1827 3423 1956 3448 iactantia
1975 3424 2118 3456 opponitur
2136 3423 2168 3448 G.

407 3463 471 3485 eam,
491 3463 548 3481 eum
569 3457 678 3482 codices.

1566 3457 1590 3490 ὃ)
1610 3461 1707 3484 autem.
1725 3472 1744 3478 -
1761 3459 1830 3484 enim
1851 3459 1898 3484 Pa.

2600 1200 2694 1224 ‘verm
2709 1201 2732 1224 6.

2599 2211 2762 2239 ’Ῑιιοοτροι-ες
2770 2216 2811 2239 qu.

2600 2243 2638 2265 cx,
2651 2241 2695 2260 art.
2709 2243 2731 2260 2.
