2860 4238
264 500 270 507 .
285 492 301 512 ι,
316 485 380 507 n.18.
391 495 401 499 -

267 527 273 534 .
288 513 340 534 lect.
354 518 379 534 n.

189 485 264 534 'scit

187 1280 198 1290 ⁸
217 1278 284 1300 Text.
302 1284 368 1300 xvur.
389 1288 401 1293 -

189 1306 213 1327 S.
229 1305 273 1326 Th.
288 1306 339 1327 lect.
355 1311 386 1326 vr.

196 2755 202 2761 ’
211 2753 262 2774 Vid.
272 2754 401 2776 Comment-

194 2779 265 2801 Caiet.
273 2785 325 2807 post
332 2784 373 2802 an.
380 2781 401 2803 6.

428 195 504 240 452

428 272 568 320 aliquid
597 272 771 320 providet
793 271 873 317 sibi,
897 271 1022 307 dando
1044 276 1170 305 autem
1191 268 1367 316 providet
1396 268 1487 305 aliis.
1515 268 1517 324 f

429 326 530 372 Ergo
551 325 599 362 ad
614 325 806 361 liberalem
825 323 944 370 magis
959 322 1118 370 pertinet
1138 321 1351 369 expendere
1372 333 1489 368 quarn
1514 325 1516 371 j

429 378 529 414 dare.
1514 375 1516 413 ζ

482 431 555 466 SED
585 441 729 466 CONTRA
757 440 823 465 EST
851 427 955 475 quod
976 427 1230 474 Philosophus
1260 426 1359 473 dicit,
1380 426 1417 463 in
1438 427 1487 463 IV
1515 422 1516 435 ¹

426 483 545 519 Ethic.
566 482 596 529 ³⁸,
627 482 731 529 quod
759 481 922 517 liberalis
942 486 995 516 est
1020 480 1330 527 superabundare
1357 480 1393 516 in
1423 481 1488 516 da-

427 536 534 571 tione.

480 589 703 623 Responm-:o
725 597 907 622 D1CENDUM
928 585 1033 633 quod
1062 584 1260 633 proprium
1281 592 1336 621 est
1356 585 1489 621 libera·
1514 582 1516 626 ξ

426 640 469 676 lis
488 640 540 676 uti
561 639 732 687 pecunia.
759 639 859 675 Usus
880 646 1007 674 autem
1028 638 1214 686 pecuniae
1235 645 1290 674 est
1313 637 1351 674 in
1377 638 1487 674 emis-

427 693 531 729 sione
560 691 691 740 ipsius:
713 703 803 727 nam
824 691 1021 738 acquisitio
1042 691 1229 740 pecuniae
1255 691 1374 738 magis
1400 691 1489 727 assi-

426 745 575 781 milatur
593 744 825 791 generationi
853 756 970 792 quam
999 743 1101 789 usui;
1119 743 1289 780 custodia
1308 755 1402 780 vero
1423 756 1488 792 pe-
1514 766 1516 794 l

427 797 571 843 cuniae,
589 797 811 844 inquantum
829 796 1025 833 ordinatur
1040 798 1087 834 ad
1108 797 1325 834 facultatem
1345 797 1488 844 utendi,
1514 798 1516 823 t

426 850 651 886 assimilatur
678 849 832 886 habitui.
870 850 1035 886 Emissio
1072 858 1199 887 autem
1229 850 1385 887 alicuius
1415 850 1488 897 rei,
1514 873 1516 897 3

426 910 567 951 quanto
596 903 639 939 fit
667 903 715 939 ad
750 902 891 951 aliquid
925 902 1137 948 distantius,
1167 911 1271 940 tanto
1301 915 1323 939 a
1354 903 1489 940 maiori
1515 909 1516 912 ’

425 956 563 992 virtute
582 955 772 1003 procedit:
803 956 898 992 sicut
915 964 1019 1003 patet
1033 956 1071 992 in
1090 956 1147 993 his
1168 968 1266 1005 quae
1285 956 1489 1003 proiiciun-
1515 965 1526 1004 l,

426 1017 496 1045 tur.
519 1009 567 1045 Et
581 1008 667 1045 ideo
685 1020 730 1044 ex
745 1009 881 1045 maiori
895 1008 1033 1046 virtute
1050 1009 1221 1058 procedit
1235 1009 1340 1057 quod
1356 1009 1490 1058 aliquis
1516 1009 1517 1025 ³

427 1061 572 1098 emittat
599 1061 802 1110 pecuniam
824 1062 952 1098 dando
974 1074 1061 1099 eam
1082 1062 1173 1108 aliis,
1203 1074 1322 1109 quarn
1352 1074 1489 1110 expen-

427 1114 554 1151 dendo
584 1126 669 1151 earn
699 1114 798 1151 circa
826 1114 1007 1163 seipsum.
1043 1115 1245 1163 Proprium
1276 1121 1405 1151 autem
1436 1122 1492 1151 est

425 1167 573 1204 virtutis
592 1175 633 1204 ut
651 1168 855 1216 praecipue
870 1165 883 1189 δ
903 1169 1033 1204 tendat
1052 1168 1089 1204 in
1105 1168 1142 1204 id
1164 1167 1269 1214 quod
1288 1167 1490 1215 perfectius
1515 1170 1517 1188 ³

428 1229 501 1257 est:
531 1233 622 1257 nam
641 1221 759 1257 virtus
786 1226 841 1256 est
855 1221 1038 1268 perfectio
1067 1221 1266 1268 quaedam,
1286 1228 1327 1256 ut
1355 1220 1491 1257 dicitur

427 1273 464 1310 in
492 1274 560 1310 VII
589 1274 737 1320 Physic.
758 1272 778 1294 '¹‘
814 1274 862 1310 Et
895 1273 981 1310 ideo
1016 1273 1179 1310 liberalis
1218 1273 1383 1309 maxime
1411 1274 1490 1310 lau-

428 1327 536 1363 datur
564 1338 609 1362 ex
639 1325 801 1362 datione.

479 1381 537 1415 AD
579 1390 715 1415 PRIMUM
753 1389 850 1415 ERGO
889 1390 1074 1416 D1CENDUM
1116 1379 1221 1427 quod
1248 1379 1297 1416 ad
1325 1380 1489 1428 pruden-

426 1432 515 1468 tiam
543 1431 703 1480 pertinet
731 1431 920 1468 custodire
947 1431 1150 1480 pecuniam
1179 1444 1227 1468 ne
1264 1432 1491 1480 subripiatur
1515 1451 1517 1456 ¹

426 1492 492 1521 aut
526 1484 701 1521 inutiliter
734 1485 979 1533 expendatur.
1020 1485 1097 1522 Sed
1130 1484 1265 1522 utiliter
1302 1497 1388 1522 eam
1427 1497 1489 1522 ex-

426 1538 593 1586 pendere
622 1550 700 1574 non
729 1545 785 1574 est
809 1537 966 1574 minoris
994 1538 1217 1586 prudentiae
1250 1551 1366 1587 quam
1396 1538 1489 1575 utili-

427 1598 483 1627 ter
503 1603 587 1627 eam
609 1603 848 1637 conservare,
869 1591 937 1628 sed
957 1591 1131 1628 maioris:
1165 1591 1252 1639 quia
1272 1592 1380 1640 plura
1404 1599 1491 1628 sunt

428 1644 658 1680 attendenda
687 1643 786 1680 circa
813 1656 926 1680 usum
947 1643 1000 1680 rei
1020 1648 1043 1690 ⁸,
1073 1644 1138 1692 qui
1158 1644 1386 1681 assimilatur
1406 1657 1488 1681 mo-

427 1697 491 1741 tui,
512 1708 629 1744 quam
649 1696 747 1733 circa
777 1697 1121 1743 conservationem,
1142 1710 1240 1745 quae
1263 1697 1491 1734 assimilatur

429 1749 554 1798 quieti.
583 1770 607 1777 -
637 1750 754 1795 Quod
783 1758 909 1786 autem
939 1749 989 1786 illi
1009 1750 1074 1797 qui
1103 1758 1350 1799 susceperunt
1376 1762 1490 1799 pecu-

428 1803 508 1839 nias
547 1803 595 1839 ab
638 1802 717 1838 aliis
759 1803 979 1851 acquisitas,
1018 1803 1208 1840 liberalius
1251 1804 1519 1852 expendunt,[

428 1854 567 1903 quasi<
597 1855 795 1892 existentes
832 1855 982 1904 inopiae
1018 1855 1221 1904 inexperti:
1249 1877 1274 1884 —
1303 1856 1332 1892 si
1366 1857 1490 1896 solum
1517 1867 1519 1875 ⁴

427 1916 583 1957 propter
603 1914 620 1935 η
649 1909 747 1945 hanc
776 1908 1085 1957 inexperientiam
1124 1909 1325 1945 liberaliter
1353 1921 1491 1958 expen-

429 1961 577 2008 derent,
607 1973 685 1998 non
713 1962 897 1998 haberent
928 1962 1158 1999 liberalitatis
1186 1962 1377 1999 virtutem.
1415 1963 1492 2000 Sed

429 2014 660 2062 quandoque
688 2014 908 2052 huiusmodi
938 2014 1209 2063 inexperientia
1229 2027 1268 2052 se
1288 2016 1404 2052 habet
1432 2028 1491 2052 so-

480 2145 504 2178 δ)
520 2145 674 2177 praecipue.
691 2159 710 2164 —
723 2146 845 2177 praecise
864 2146 912 2171 Pa.

480 2182 501 2212 ε)
522 2182 570 2206 rei.
587 2195 605 2200 -
619 2181 750 2213 pecuniae
769 2182 813 2210 Pa,
834 2189 887 2206 om.
907 2181 939 2206 G.
958 2195 976 2200 —
995 2182 1044 2206 Pro
1063 2181 1116 2213 qui,
1137 2181 1199 2214 quia
1218 2182 1357 2215 ABEpFK.

479 2217 505 2249 ζ)
519 2217 603 2249 quasi.
615 2230 634 2235 —
646 2223 724 2248 quam
740 2217 975 2249 ABDEFGKLpQ
990 2217 1136 2242 existentes
1149 2225 1202 2242 om.
1218 2217 1267 2247 sC;
1281 2225 1329 2250 pro
1347 2218 1490 2250 inexperti,

428 2252 536 2285 experti
554 2252 700 2283 DGHLpK.

480 2288 506 2319 η)
526 2288 608 2312 solum
624 2290 746 2319 propter.
765 2301 784 2306 -
797 2291 912 2319 propter
930 2288 1013 2312 solum
1035 2288 1051 2316 1,
1067 2290 1182 2319 propter
1199 2289 1282 2313 solam
1304 2288 1349 2312 Pa.

481 2321 504 2355 Θ)
526 2330 575 2347 non
595 2323 787 2347 convenienter.
804 2337 823 2341 -
842 2323 1056 2347 inconvenienter
1074 2323 1156 2348 PAra.

1078 191 1344 237 QUAEsr1o
1375 190 1530 238 cxvu,

1559 191 1855 229 ARTICULUS
1883 191 1919 228 V

1543 269 1623 305 lum
1653 269 1748 306 sicut
1775 271 1910 306 tollens
1938 269 2257 318 impedimentum
2285 271 2525 318 liberalitatis,
2555 272 2604 308 ita

1543 321 1648 368 quod
1685 323 1899 371 promptius
1933 322 2135 359 liberaliter
2171 330 2293 370 agant.
2331 323 2468 360 Timor
2501 324 2603 361 enirn

1543 373 1716 422 inopiae,
1746 387 1790 412 ex
1821 376 1900 412 eius
1929 375 2158 424 experientia
2185 375 2418 424 procedens,
2447 377 2605 425 impedit

1544 427 1775 475 quandoque
1812 440 1878 465 eos
1914 428 1979 476 qui
2007 428 2290 476 acquisiverunt
2321 429 2521 477 pecuniam
2556 442 2604 466 ne

1515 485 1516 522 ξ
1544 491 1630 515 eam
1667 489 1895 518 consumant
1926 481 2127 518 liberaliter
2161 481 2322 528 agendo.
2357 482 2406 518 Et
2439 482 2606 519 similiter

1514 535 1516 545 ²
1542 544 1653 568 amor
1681 545 1757 581 quo
1795 545 1881 570 eam
1911 542 2038 571 amant
2070 541 2252 582 tanquam
2282 534 2481 583 proprium
2515 534 2605 571 effe-

1543 592 1664 622 ctum:
1694 593 1735 622 ut
1762 586 2019 635 Philosophus
2047 587 2147 634 dicit,
2177 586 2215 623 in
2244 587 2296 624 lV
2322 587 2441 624 Ethic.
2462 587 2482 609 *

1595 640 1654 674 AD
1674 650 1864 676 SECUNDUM
1884 651 2068 677 DICENDUM
2087 639 2205 688 quod,
2226 640 2321 677 sicut
2339 641 2483 677 dictum
2505 648 2560 676 est
2573 640 2603 687 ⁸²,

1542 690 1591 727 ad
1611 691 1871 728 liberalitatem
1887 692 2048 740 pertinet
2068 693 2340 730 convenienter
2356 693 2412 730 uti
2429 693 2604 742 pecunia,

1543 751 1579 779 et
1607 756 1674 792 per
1703 756 1941 793 consequens
1971 745 2242 782 convenienter
2271 746 2379 793 dare,
2409 746 2513 795 quo'd
2551 754 2606 783 est

1543 796 1699 844 quidam
1729 797 1912 845 pecuniae
1947 810 2051 835 usus.
2091 799 2294 845 Quaelibet
2325 807 2454 837 autem
2486 799 2606 836 virtus

1542 849 1708 886 tristatur
1728 850 1774 886 de
1804 850 1991 887 contrario
2022 851 2079 887 sui
2107 859 2223 898 actus,
2254 860 2290 888 et
2317 852 2408 889 vitat
2436 852 2516 889 eius
2535 852 2605 889 im—

1542 902 1773 951 pedimenta.
1800 903 1847 939 Ei
1866 911 1995 940 autem
2015 904 2120 952 quod
2140 911 2195 940 est
2220 905 2492 942 convenienter
2515 905 2604 942 dare

1544 957 1620 992 duo
1650 964 1915 1005 opponuntur:
1945 957 2084 993 scilicet
2111 969 2190 994 non
2219 959 2308 994 dare
2336 958 2442 1007 quod
2466 970 2606 995 conve-

1543 1009 1690 1046 nienter
1717 1017 1773 1046 est
1801 1009 1984 1056 dandum,
2015 1018 2052 1047 et
2079 1009 2169 1046 dare
2189 1010 2331 1058 aliquid
2359 1023 2438 1048 non
2467 1023 2606 1048 conve-

1516 1083 1517 1111 l
1544 1062 1692 1099 nienter
1711 1060 1735 1099 θ.
1765 1063 1876 1099 Unde
1898 1063 1944 1099 de
1964 1070 2125 1112 utroque
2145 1063 2310 1100 tristatur
2328 1063 2509 1101 liberalis:
2538 1065 2606 1101 sed

1544 1115 1592 1151 de
1629 1115 1755 1162 primo
1788 1115 1927 1163 magis,
1962 1116 2052 1164 quia
2087 1117 2172 1164 plus
2208 1117 2414 1165 opponitur
2450 1117 2605 1166 proprio

1544 1167 1654 1204 actui.
1689 1169 1738 1204 Et
1765 1167 1853 1204 ideo
1883 1168 2024 1205 etiam‘
2053 1181 2131 1206 non
2160 1169 2224 1206 dat
2251 1170 2451 1207 omnibus:
2487 1170 2607 1219 impe-

1545 1220 1688 1257 diretur
1715 1220 1817 1257 enim
1837 1228 1943 1257 actus
1964 1221 2044 1258 eius
2072 1222 2103 1259 si
2127 1222 2357 1270 quibuslibet
2377 1223 2497 1269 daret;
2527 1234 2606 1260 non

1545 1273 1646 1309 enim
1674 1274 1832 1310 haberet
1852 1274 1954 1311 unde
1983 1274 2063 1311 aliis
2091 1275 2209 1322 daret,
2230 1275 2368 1323 quibus
2397 1277 2487 1314 dare
2516 1287 2606 1313 con·

1542 1333 1659 1363 venit.

1597 1381 1655 1427 Ap
1683 1390 1844 1416 TERTmM
1881 1391 2066 1417 morannum
2104 1381 2209 1430 quod
2244 1381 2333 1418 dare
2367 1389 2403 1418 et
2435 1381 2606 1431 accipere

1544 1444 1584 1468 se
1621 1432 1763 1469 habent
1799 1432 1895 1469 sicut
1922 1445 2032 1480 agere
2071 1441 2107 1470 et
2139 1434 2227 1482 pati.
2266 1434 2359 1471 Non
2395 1442 2451 1471 est
2477 1443 2606 1472 autem

1543 1485 1646 1522 idem
1674 1485 1900 1534 principium
1935 1486 2072 1533 agendi
2105 1495 2140 1523 et
2166 1487 2346 1536 patiendi.
2381 1488 2494 1526 Unde
2519 1489 2608 1538 quia

1543 1538 1743 1582 liberalitas
1772 1546 1828 1575 est
1863 1539 2091 1588 principium
2129 1540 2312 1587 dationis,
2342 1552 2420 1578 non
2448 1541 2609 1589 pertinet

1544 1592 1593 1628 ad
1620 1591 1814 1628 liberalem
1843 1599 1886 1629 ut
1903 1592 1950 1628 sit
1971 1594 2245 1641 promptusad
2274 1593 2551 1643 recipiendum,
2571 1602 2608 1632 et

1544 1645 1664 1681 multo
1693 1645 1818 1681 minus
1847 1645 1896 1682 ad
1923 1646 2132 1693 petendum
2152 1652 2179 1683 κ.
2209 1646 2374 1684 Ordinat
2400 1654 2529 1684 autem
2557 1648 2608 1686 ad

1545 1697 1715 1734 dandum
1744 1698 1871 1745 aliqua
1890 1699 2101 1736 secundum
2130 1699 2356 1737 liberalitatis
2377 1700 2607 1740 convenien-

1516 1790 1518 1806 Ῑ
1544 1750 1656 1797 tiam,
1686 1750 1825 1787 scilicet
1852 1751 1993 1788 fructus
2025 1752 2266 1801 propriarum
2298 1754 2605 1802 possessionum3

1546 1816 1642 1852 quos
1677 1804 1833 1840 sollicite
1865 1813 2064 1852 procurat,
2093 1813 2134 1842 ut
2162 1805 2216 1842 eis
2243 1805 2444 1844 liberaliter
2470 1815 2606 1846 utamr.

1598 1858 1657 1893 An
1686 1868 1860 1899 QUARTUM
1888 1869 2073 1896 mcaNDuM
2102 1858 2207 1907 quod
2234 1861 2283 1896 ad
2313 1861 2608 1909 expendendum

1545 1909 1583 1946 in
1613 1909 1781 1958 seipsum
1801 1918 1935 1947 natura
1954 1911 2118 1948 inclinat.
2147 1912 2260 1949 Unde
2278 1913 2354 1949 hoc
2372 1910 2387 1935 λ
2413 1914 2519 1962 quod
2543 1925 2609 1964 pe-

1547 1962 1698 2000 cuniam
1719 1963 1802 2011 quis
1830 1964 2033 2012 perfundat
2061 1965 2099 2001 in
2127 1965 2240 2012 alios,
2268 1966 2430 2014 pertinet
2456 1967 2609 2016 proprie

1547 2016 1595 2053 ad
1623 2015 1817 2053 virtutem.

1599 2148 1617 2179 ι)
1637 2148 1728 2172 etiam.
1744 2161 1763 2166 —
1782 2147 1844 2172 Om.
1864 2148 1910 2172 Pa.

1597 2183 1622 2215 κ)
1639 2183 1793 2215 petendum.
1812 2197 1830 2201 -
1852 2183 1926 2208 Unde
1945 2190 2051 2209 versus:
2071 2183 2102 2208 Si
2119 2184 2178 2216 quis
2197 2185 2224 2209 in
2243 2185 2293 2211 hoc
2315 2186 2415 2212 mundo
2439 2187 2496 2212 vult
2520 2187 2611 2214 multis

1544 2221 1640 2251 gratus
1659 2218 1751 2243 haberi
1757 2225 1766 2246 ;
1786 2218 1852 2247 Det,
1877 2218 1981 2250 capiat,
2002 2222 2127 2252 quaerat,
2149 2220 2284 2252 plurima,
2299 2228 2398 2253 pauca,
2424 2221 2492 2247 nihi!
2515 2223 2612 2249 addunt

1546 2253 1627 2313 1>th
1651 2259 1738 2314 οξῃαέ
1748 2254 1816 2278 idem
1837 2254 1907 2286 (om.
1931 2255 2005 2280 Unde
2030 2253 2072 2288 H)
2089 2260 2115 2280 et
2133 2255 2158 2280 in
2177 2254 2228 2280 fine
2252 2256 2346 2282 Redde
2367 2257 2476 2291 singula
2496 2258 2612 2292 singulis

1545 2296 1559 2313 a
1596 2295 1642 2314 unt
1697 2298 1712 2322 p
1741 2307 1748 2314 .

1598 2323 1626 2355 λ)
1646 2325 1702 2350 hoe.
1721 2339 1740 2343 -
1758 2328 1784 2349 et
1802 2325 1851 2350 hoc
1870 2325 1902 2355 G,
1921 2325 1958 2350 ad
1977 2325 2026 2351 hoc
2039 2326 2115 2350 ceteri
2130 2317 2155 2351 et
2168 2327 2214 2351 Pa.

1215 2475 1534 2518 ARTICULUS
1564 2477 1821 2526 QUINTUS

1063 2575 1218 2606 UTRUM
1241 2576 1522 2608 LIBERALITAS
1546 2577 1612 2608 SlT
1636 2578 1742 2609 PARS
1765 2578 1982 2610 1UST1T1AE

807 2660 898 2693 Supra,
918 2668 963 2692 qu.
982 2668 1051 2690 Lv111,
1071 2666 1118 2686 art.
1141 2669 1179 2693 12,
1199 2662 1231 2686 ad
1254 2670 1262 2686 1
1273 2669 1280 2692 ;
1300 2670 1345 2695 qu.
1364 2670 1441 2693 Lxxx;
1460 2663 1535 2694 Infra,
1555 2672 1599 2696 qu.
1619 2672 1700 2694 own,
1720 2670 1765 2689 art.
1789 2673 1796 2689 x
1813 2673 1819 2696 ;
1841 2665 1882 2690 De
1900 2666 1984 2696 ᾹΙαΙο,
2005 2674 2051 2699 qu.
2069 2675 2122 2697 xm,
2143 2673 2189 2692 art.
2213 2676 2233 2693 1.

482 2792 489 2799 ,
515 2766 523 2780 2
547 2777 589 2799 μζ
639 2761 661 2785 D
702 2760 866 2790 QmNTUM
907 2761 959 2786 src
998 2761 1227 2788 PROCEDrrUR
1260 2751 1291 2787 *.
1329 2751 1491 2788 Videtur
1514 2752 1516 2796 J

497 2800 504 2808 ⁴
641 2802 744 2850 quod
764 2802 964 2839 liberalitas
980 2815 1058 2840 non
1074 2803 1119 2840 sit
1133 2815 1220 2852 pars
1235 2804 1407 2841 iustitiae.
1431 2806 1488 2842 Iu·
1514 2801 1516 2837 ἐ

616 2853 735 2893 stitia
758 2855 859 2891 enim
877 2855 1025 2904 respicit
1044 2857 1226 2894 debitum.
1249 2857 1325 2894 Sed
1346 2866 1488 2906 quanto

599 2899 783 2955 aliquid
804 2916 858 2944 est
878 2908 997 2956 magis
1027 2909 1209 2957 debitum,
1229 2918 1334 2947 tanto
1363 2911 1489 2948 minus
1515 2914 1516 2934 l

430 2959 631 2996 liberaliter
660 2960 780 2997 datur.
811 2962 912 3008 Ergo
933 2962 1134 3000 liberalitas
1153 2975 1231 3000 non
1252 2971 1307 3000 est
1326 2976 1415 3013 pars
1435 2964 1488 3001 iu·
1515 2978 1516 2988 ¹

431 3011 562 3057 stitiae‚
594 3013 661 3049 sed
691 3013 724 3049 ei
753 3023 948 3062 repugnat.

1598 2755 1632 2790 3.
1663 2754 1904 2802 PRAETEREA,
1935 2755 1984 2792 ad
2013 2756 2276 2794 liberalitatem
2307 2758 2471 2807 pertinet
2501 2771 2609 2809 prae-

1545 2805 1654 2854 cipue
1689 2808 1961 2845 convenienter
1998 2809 2105 2857 dare,
2135 2818 2176 2847 ut
2210 2810 2355 2848 dictum
2385 2819 2440 2849 est
2459 2811 2493 2850 ⁸⁸.
2531 2813 2610 2851 Sed

1515 2887 1516 2904 ἶ
1544 2860 1817 2897 convenienter
1853 2861 1942 2898 dare
1975 2862 2136 2911 pertinet
2172 2865 2219 2901 ad
2252 2864 2544 2904 beneficentiam
2573 2874 2610 2904 et

1545 2912 1862 2961 misericordiam,
1893 2926 1992 2964 quae
2021 2916 2209 2964 pertinent
2245 2918 2293 2955 ad
2328 2918 2539 2967 caritatem,
2566 2927 2610 2957 ut

1544 2978 1658 3014 supra
1674 2966 1694 2988 ³*
1714 2966 1854 3004 dictum
1876 2975 1941 3005 est.
1963 2969 2066 3017 Ergo
2085 2969 2284 3007 liberalitas
2309 2971 2427 3020 magis
2447 2980 2503 3009 est
2520 2984 2609 3022 pars
2635 2983 2709 3033 332:

2633 579 2643 589 ⁹
2650 578 2708 600 Loe.
2716 577 2757 600 eit.
2762 578 2786 600 in
2794 584 2843 607 arg.

2632 639 2674 661 ·1n
2684 646 2756 668 corp.;
2770 643 2813 663 nrt.
2822 647 2843 670 3.

2638 2823 2648 2833 ⁶
2662 2822 2715 2845 An.
2729 2822 2833 2851 praeced.

2716 2989 2797 3010 xxvrn.
2807 2984 2846 3006 ln-

2731 3016 2771 3039 φ·
2791 3017 2846 3039 ¹¹¹,

1545 3018 1707 3056 caritatis
1736 3031 1854 3068 quarn
1883 3020 2055 3059 iustitiae.

1598 3072 1673 3108 SED
1693 3084 1839 3110 CONTRA
1859 3085 1926 3111 Esr
1945 3075 2050 3123 quod
2078 3076 2308 3114 Ambrosius
2337 3077 2436 3126 dicit,
2456 3077 2495 3115 in
2522 3079 2535 3115 I
2563 3079 2610 3116 de

1550 3124 1657 3172 Offic.
1682 3125 1717 3162 *ι
1751 3127 1897 3164 Iustitia
1934 3128 1986 3164 ad
2018 3129 2231 3167 societatem
2266 3131 2418 3180 generis
2451 3131 2611 3170 humani
2634 3143 2644 3152 ·
2658 3141 2812 3170 Cup-mm-

1545 3179 1719 3225 refertur.
1758 3180 1949 3217 Societatis
1979 3182 2082 3218 >enim
2111 3183 2208 3220 ratio
2240 3183 2417 3221 dividitur
2448 3184 2485 3221 in
2513 3184 2608 3222 duas

1539 3236 1679 3278 partes,
1701 3231 1876 3269 iustitiam
1896 3231 1911 3262 β
1939 3239 1975 3270 et
1993 3235 2286 3282 beneficentiam,
2306 3247 2421 3285 quam
2449 3237 2606 3275 eandem
2731 3247 2747 3282 β

1545 3282 1802 3321 liberalitatem
1830 3291 1897 3322 aut
1923 3287 2189 3337 benignitatem
2216 3295 2363 3327 vocant.
2393 3290 2496 3338 Ergo
2515 3289 2606 3328 libe-

1545 3336 1670 3372 ralitas
1698 3337 1746 3374 ad
1776 3337 1954 3376 iustitiam
1982 3341 2154 3388 pertinet.

2634 3040 2846 3067 maus-mu·

485 3076 519 3101 2.
549 3065 780 3112 PRAETEREA,
802 3067 939 3103 iustitia
968 3075 1023 3104 est
1051 3068 1147 3105 circa
1177 3069 1429 3117 operationes,
1449 3078 1491 3107 ut
2634 3067 2787 3091 ”⁹⁸²⁸

431 3129 544 3165 supra
563 3117 582 3138 ’¹‘
609 3119 780 3155 habitum
819 3127 886 3156 est.
922 3120 1141 3157 Liberalitas
1173 3130 1301 3158 autem
1332 3128 1349 3144 α
1384 3134 1491 3171 prae-

433 3182 541 3218 cipue
572 3178 626 3207 est
655 3172 753 3208 circa
782 3184 955 3208 amorem
985 3180 1021 3209 et
1049 3175 1396 3222 concupiscentiam
1425 3188 1490 3224 pe-

433 3223 642 3270 cuniarum,
671 3237 770 3273 quae
799 3233 885 3262 sunt
913 3225 1121 3273 passiones.
1157 3227 1257 3274 Ergo
1287 3228 1408 3275 magis
1435 3229 1491 3265 vi-

432 3275 541 3312 detur
569 3276 767 3314 liberalitas
788 3278 835 3315 ad
855 3278 1145 3327 temperantiam
1165 3279 1354 3327 pertinere
1373 3292 1490 3328 quarn

433 3329 480 3365 ad
500 3329 689 3366 iustitiam.

195 3121 326 3148 ‘Qu-tvm,
334 3121 403 3144 ⁸118.

193 3154 218 3175 9:
228 3147 312 3174 1³11⁸⁸‚
321 3152 404 3174 qu.r.x,

193 3178 237 3195 art.
251 3180 271 3200 2,
286 3180 306 3202 3.

291 3211 307 3226 α

485 3458 511 3490 α)
532 3459 690 3484 Liberalitas
709 3463 806 3485 autem.
823 3474 836 3480 -
861 3461 914 3486 Sed
932 3462 1078 3487 liberalitas
1096 3462 1142 3487 Ρα.

1545 3501 1565 3525 Γ
1595 3465 1785 3526 Ppiustitiam.
1802 3481 1822 3487 —
1839 3468 1938 3494 scilicet
1956 3469 1983 3494 in
2003 3470 2040 3503 (in
2060 3479 2114 3496 om.
2132 3470 2170 3505 H)
2187 3471 2317 3497 iustitiam
2336 3472 2386 3501 Ha,
2406 3472 2536 3498 iustitiam
2556 3473 2605 3499 sci-

1556 3508 1593 3526 zce
1647 3519 1653 3526 .
