2670 4186
2262 259 2334 284 xvu

549 371 1091 424 COMMENTARIA
1132 372 1567 425 CARDINALIS
1608 373 1950 425 CAIETANI

287 489 496 546 Legenda
529 495 628 530 sunt
661 501 771 542 quae
806 489 847 529 in
878 489 1145 530 Praefatione
1174 490 1405 544 superioris
1439 491 1682 538 voluminis,
1714 505 1738 531 a
1770 492 1926 546 pagina
1954 504 2071 539 XXIV,
2114 493 2332 533 habentur.

162 552 432 593 Relationem
466 557 608 591 tamen
642 550 750 590 inter
783 550 959 590 Pianam
994 557 1035 591 et
1068 551 1277 591 editiones
1313 565 1419 604 quas
1453 551 1511 591 ibi
1545 552 1709 592 medias
1740 553 2006 601 vocavimus,
2043 567 2129 594 non
2152 554 2333 608 amplius

163 613 506 668 investigandam
540 611 757 659 duximus,
794 625 890 652 cum
925 613 1182 652 mutationes
1217 613 1258 652 in
1298 612 1377 652 illis
1420 611 1679 653 editionibus
1719 614 1852 654 factae
1892 615 2158 656 authenticae
2197 615 2334 656 haud-

162 688 380 729 quaquam
413 673 665 714 iudicandae
699 673 794 713 sint.
829 674 1015 714 Proinde
1050 687 1102 714 ex
1141 674 1317 714 elencho
1359 687 1488 727 quem
1529 675 1839 730 subiungimus,
1885 676 2014 716 editio
2057 677 2253 731 princeps
2294 683 2335 718 et

161 737 294 778 Piana
325 735 516 796 integrae
550 735 756 790 cognosci
790 742 991 789 possunt;
1025 736 1177 776 Venet.
1220 734 1346 782 1522,
1380 736 1527 775 PataV.
1571 738 1696 787 1698,
1731 737 1856 778 Rom.
1899 740 2025 791 1773,
2061 739 2206 792 quoad
2239 739 2334 779 loca

161 798 202 838 in
238 797 395 852 quibus
429 798 462 837 P
497 803 538 837 et
572 798 612 837 A
647 797 846 837 differunt
877 798 946 837 vel
981 797 1134 837 ambae
1178 802 1338 836 errant:
1374 797 1451 836 sed
1485 803 1625 836 utrum
1659 798 1783 837 lectio
1818 799 1949 839 Piana
1981 800 2034 839 ab
2070 800 2162 853 ipsa
2193 801 2226 840 P
2249 800 2333 854 pri-

160 873 278 902 mum
311 858 494 907 inducta,
530 872 583 899 an
617 871 722 899 vero
758 872 811 899 ex
844 858 986 912 aliqua
1019 857 1206 897 editione
1243 863 1343 911 post
1383 871 1542 898 annum
1589 858 1702 910 1534
1743 859 1950 913 impressa
1988 869 2159 915 sumpta
2198 862 2331 910 fuerit,

159 935 248 962 non
280 927 467 975 apparet.

284 983 370 1035 Qui
409 989 552 1023 textus
590 981 927 1022 vicissitudinem
969 979 1177 1020 curiosius
1219 980 1422 1035 indagare
1461 981 1661 1029 voluerit,
1703 981 1992 1023 abundantem
2032 983 2250 1024 materiam
2291 985 2332 1025 in

159 1045 317 1086 nostris
349 1043 614 1085 Variantibus
647 1043 846 1084 inveniet.
882 1042 964 1082 Hic
998 1042 1202 1081 nonnulla
1234 1042 1434 1095 ponimus
1469 1043 1663 1096 exempla
1697 1055 1886 1084 errorum
1921 1045 2006 1098 qui,
2045 1045 2087 1085 in
2126 1046 2332 1099 principio

158 1119 235 1161 per
266 1106 432 1147 facilem
465 1106 632 1159 lapsum
665 1103 852 1152 admissi,
889 1103 1044 1143 deinde
1079 1116 1230 1143 omnes
1265 1103 1474 1143 editiones
1509 1104 1808 1145 deformarunt.

158 1172 183 1177 “⁷
284 1167 367 1220 Qu.
401 1179 518 1215 LXIV,
553 1172 627 1206 art.
663 1168 703 1214 3,
738 1165 811 1206 ubi
844 1165 930 1220 legi
964 1165 1093 1205 debet
1123 1165 1295 1205 session.
1332 1164 1400 1212 15,
1437 1165 1520 1205 levi
1555 1166 1789 1206 mutatione
1824 1167 1890 1206 JS
1913 1181 1990 1221 pro
2027 1167 2088 1208 [5
2118 1168 2159 1208 in
2198 1169 2333 1223 prima

159 1229 347 1270 editione
379 1228 635 1282 impressum
668 1227 760 1268 suit:
795 1227 909 1267 unde
944 1239 1095 1267 omnes
1129 1226 1338 1267 mendose
1371 1227 1536 1282 legunt:
1571 1228 1799 1283 reprobata
1820 1227 1980 1282 suitin
2008 1229 2189 1270 Concilio
2226 1230 2332 1270 Con-

156 1290 387 1332 stantiensi
412 1290 612 1330 sessionis
636 1289 872 1344 propositio
906 1294 982 1330 etc.
1017 1312 1035 1318 —
1070 1289 1153 1340 Qu.
1187 1301 1396 1337 LXXXVIII,
1430 1295 1504 1329 art.
1541 1288 1580 1338 5,
1617 1303 1655 1330 n.
1679 1302 1734 1338 VI,
1759 1289 1888 1331 editio
1912 1291 1954 1330 A
1977 1304 2054 1344 pro
2078 1286 2150 1331 Νό
2180 1293 2330 1344 (Non),

158 1364 259 1393 casu
291 1351 411 1400 facili,
446 1351 516 1392 Hb
552 1352 730 1403 (Homo)
763 1350 917 1405 posuit.
953 1351 1066 1390 Hinc
1098 1350 1360 1404 praeclarum
1383 1350 1486 1390 illud
1509 1351 1701 1392 omnium
1725 1351 1979 1392 editionum:
2001 1353 2142 1394 Homo
2163 1355 2335 1408 capiens

156 1417 416 1456 nocturnum
426 1414 729 1468 populatorem
751 1416 795 1453 et
811 1425 1066 1465 cognoscens
1080 1413 1443 1466 consanguineam
1465 1416 1620 1465 quarto
1637 1413 1795 1466 gradu,
1821 1414 2045 1454 committit
2062 1415 2278 1456 incestum.
2314 1439 2332 1445 -

158 1475 249 1531 Qu„
277 1486 362 1524 CXI,
396 1481 471 1516 art.
513 1488 546 1523 1,
582 1475 624 1515 in
656 1475 753 1522 fine,
788 1486 990 1514 numerus
1025 1473 1236 1514 Arabicus
1273 1475 1358 1517 111
1384 1486 1480 1514 cum
1510 1474 1710 1514 Romano
1733 1476 1789 1514 III
1811 1475 1854 1514 in
1886 1476 2022 1529 prima
2052 1476 2333 1531 impressione

157 1532 363 1581 confasus
397 1542 472 1585 est,
508 1537 565 1576 ita
598 1536 730 1590 quod,
765 1533 838 1575 ubi
873 1535 926 1575 de
967 1534 1220 1588 quaestione
1260 1535 1400 1589 agitur
1438 1536 1903 1583 centesimauna'ecima,
1940 1537 2150 1578 editiones
2184 1540 2333 1579 unani-

158 1599 282 1641 miter
313 1599 476 1654 legant:
509 1598 574 1638 Et
600 1598 708 1638 haec
739 1597 792 1638 de
822 1597 1067 1650 quaestione
1099 1597 1225 1636 tertia
1257 1595 1502 1651 sufficiant!

282 1660 542 1701 Mendorum
576 1673 687 1713 quae
720 1660 754 1699 B
796 1658 962 1699 induxit
1002 1670 1222 1712 nunquam
1260 1657 1525 1713 corrigenda,
1557 1659 1800 1712 exemplum
1838 1658 1973 1700 habes
2014 1674 2083 1714 qU.
2125 1674 2332 1710 LXXXVIII,

158 1728 233 1764 art.
275 1735 340 1771 11,
374 1736 413 1762 n.
447 1735 489 1770 V,
523 1721 596 1762 ubi
630 1713 798 1761 auctem
831 1721 940 1761 male
973 1720 1161 1774 positum
1196 1720 1237 1760 in
1272 1721 1312 1760 A
1347 1733 1424 1774 pro
1448 1723 1600 1767 autem,
1627 1720 1668 1759 in
1692 1721 1987 1762 auctoritatem
2010 1723 2150 1770 solvit,
2179 1723 2332 1764 deinde

158 1784 412 1826 decretalem
445 1782 666 1824 inductam
699 1789 880 1830 mutans,
906 1782 1084 1822 dubium
1108 1781 1266 1822 indicat
1287 1781 1402 1822 circa
1425 1782 1721 1822 auctoritatem
1743 1782 1969 1823 decretalis
1989 1784 2208 1826 inductae:
2237 1799 2333 1826 cum

158 1852 301 1888 tamen
333 1859 488 1887 sensus
520 1845 667 1893 huius,
702 1858 790 1885 non
823 1844 1052 1884 auctoritas
1086 1843 1128 1884 in
1162 1843 1340 1883 dubium
1374 1850 1568 1891 vocetur,
1604 1843 1769 1884 dicente
1802 1844 1897 1898 ipso
1926 1845 2148 1893 Caietano,
2174 1847 2215 1887 in
2238 1860 2333 1901 per-

158 1921 268 1949 sona
302 1907 546 1955 dubitantis,
589 1906 708 1961 quod
750 1909 897 1947 tantae
936 1909 1002 1946 est
1042 1906 1313 1946 auctoritatis
1351 1908 1402 1945 ut
1438 1905 1589 1960 repelli
1622 1919 1705 1946 non
1737 1907 1887 1960 possit.
1923 1930 1940 1936 -
1974 1908 2079 1948 Item
2120 1921 2190 1963 qu.
2231 1917 2331 1957 XCV,

158 1975 235 2012 art.
270 1968 309 2018 5,
344 1983 384 2010 n.
417 1982 474 2018 IV,
507 1969 577 2010 ira
611 1969 653 2009 in
684 1968 761 2009 illa
795 1974 941 2016 mutat,
978 1974 1019 2008 et
1052 1968 1220 2022 legens:
1255 1966 1327 2007 ille
1357 1967 1483 2007 liomo
1515 1980 1598 2007 non
1621 1968 1902 2008 necessitatur
1922 1982 1950 2008 a
1972 1970 2097 2016 caelo,
2121 1970 2234 2011 sed...
2249 1974 2336 2025 per

157 2030 331 2073 modum
363 2044 445 2085 quo
477 2030 555 2071 illa
587 2031 772 2077 tristitia,
809 2043 948 2077 amor,
989 2029 1148 2076 odium,
1185 2032 1270 2077 etc„
1306 2029 1459 2069 incitat
1492 2029 1763 2076 voluntatem,
1807 2030 2038 2084 corrumpit
2077 2032 2253 2072 nitidam
2293 2039 2334 2073 et

119 2108 123 2115 ·
157 2093 390 2150 genuinam
424 2092 623 2133 editionis
656 2092 818 2147 primae
851 2091 1100 2133 lectionem:
1127 2093 1214 2145 per
1243 2089 1415 2131 modum
1448 2103 1530 2144 quo
1562 2091 1641 2138 ira,
1677 2091 1862 2139 tristitia,
1899 2097 1974 2132 etc.

282 2155 620 2209 Corruptionum
653 2167 760 2208 quas
783 2154 916 2194 Piana
937 2154 1006 2194 vel
1029 2153 1195 2193 induxit
1217 2153 1286 2193 vel
1310 2166 1363 2192 eX
1386 2152 1528 2193 media
1550 2152 1738 2193 editione
1761 2153 2009 2207 desumpsit,
2035 2168 2143 2208 quas
2166 2156 2207 2195 D
2232 2162 2273 2196 et
2296 2156 2332 2196 E

158 2217 353 2258 similiter
368 2222 687 2264 conservarunt,
707 2216 904 2270 exempla
921 2215 1022 2255 sint:
1043 2228 1113 2268 qu.
1138 2227 1223 2263 LIX,
1248 2220 1322 2255 art.
1350 2225 1387 2262 2,
1413 2227 1451 2255 n.
1475 2226 1515 2262 II,
1540 2215 1699 2255 iustum
1721 2228 1798 2269 pro
1822 2215 2027 2256 iniustum
2036 2230 2054 2263 ,·
2077 2229 2146 2269 qu.
2168 2228 2331 2266 LXXVII,

158 2284 233 2320 art.
269 2290 309 2330 4,
342 2279 670 2331 negotiationem
703 2291 780 2331 pro
814 2277 1108 2331 negationem,·
1141 2290 1210 2330 qu.
1245 2288 1423 2323 LXXVIII,
1458 2282 1532 2317 art.
1570 2289 1607 2324 2,
1643 2290 1712 2316 nn.
1746 2289 1790 2316 111
1823 2283 1864 2317 et
1896 2291 1937 2324 V,
1971 2280 2115 2318 actum
2148 2292 2226 2332 pro
2246 2282 2332 2333 pa·

157 2344 282 2388 ctum,
320 2346 361 2380 et
393 2341 558 2380 ratione
590 2353 668 2394 pro
689 2340 877 2386 satione,·
899 2352 969 2393 qu.
993 2351 1200 2386 LXXXVHI,
1225 2344 1299 2379 art.
1324 2339 1362 2384 3,
1388 2351 1427 2378 n.
1452 2350 1538 2388 VIII,
1562 2339 1751 2378 executio
1773 2351 1852 2392 pro
1875 2340 2117 2386 excusatio,·
2139 2353 2208 2393 qu.
2231 2352 2330 2389 XCV,

158 2408 233 2444 art.
271 2414 308 2450 2,
343 2415 382 2442 n.
417 2414 442 2450 1,
476 2401 650 2442 occultis
682 2414 759 2455 pro
793 2401 936 2441 oculis.
970 2400 1121 2440 Notari
1156 2400 1256 2440 item
1289 2405 1471 2453 possunt
1504 2413 1573 2453 qu.
1609 2412 1710 2447 LXII,
1745 2406 1818 2440 art.
1854 2401 1894 2448 8,
1929 2414 1966 2440 n.
2001 2413 2056 2448 111,
2097 2401 2170 2441 ubi
2211 2402 2330 2443 illud:

157 2465 236 2518 qui
263 2477 346 2504 non
379 2466 478 2503 erat
505 2476 619 2503 nunc
649 2463 722 2503 vel
747 2462 818 2503 nte
848 2462 1109 2509 venditurus,
1145 2467 1330 2501 mutatur
1363 2461 1427 2501 in:
1466 2462 1544 2514 qui
1571 2474 1654 2501 non
1688 2465 1786 2502 erat
1820 2475 1895 2501 nec
1933 2462 2104 2502 videtur
2132 2463 2202 2503 hic
2232 2477 2332 2503 ven-

157 2525 357 2574 diturus,·
390 2531 431 2566 et
464 2538 533 2579 qu.
569 2537 670 2573 LXII,
705 2530 779 2565 art.
814 2526 854 2573 8,
889 2538 928 2565 n.
962 2537 1017 2572 111,
1053 2523 1125 2563 ubi
1161 2523 1391 2563 Caietanus
1427 2522 1777 2563 deliberationem
1802 2529 1949 2563 contra
1977 2525 2245 2578 propositum
2269 2525 2332 2565 di-

158 2587 338 2643 stinguit
369 2587 471 2641 quia
504 2590 570 2627 est
597 2589 740 2627 mater
761 2586 982 2640 propositi,
1018 2585 1152 2626 Piana
1183 2598 1289 2625 Vero
1325 2590 1366 2625 et
1398 2585 1492 2633 DE,
1528 2585 1630 2638 quia
1671 2598 1726 2625 ex
1763 2586 1947 2626 materia
1979 2587 2199 2640 propositi.
2241 2587 2281 2627 N
2286 2601 2333 2627 ec

158 2649 495 2704 praetereundus
527 2661 730 2689 numerus
763 2648 924 2702 primus
957 2654 1031 2688 art.
1074 2660 1138 2696 12,
1163 2660 1232 2701 qU.
1255 2659 1464 2687 LXXXVIII.
1487 2647 1535 2687 In
1558 2646 1700 2687 media
1721 2647 1920 2687 citatione
1943 2648 2230 2689 Decretalium
2253 2649 2333 2689 AB

159 2711 306 2752 nescio
341 2711 463 2765 quid,
498 2710 546 2758 el,
572 2710 817 2751 redundans
851 2710 1020 2758 habent,
1045 2722 1123 2763 pro
1158 2722 1246 2762 quo
1280 2708 1415 2749 Piano
1439 2707 1488 2750 cl.
1513 2708 1651 2762 ponit:
1675 2708 1758 2748 hoc
1781 2722 1885 2749 vero
1909 2709 1993 2749 DE
2014 2709 2056 2749 in
2091 2709 2332 2750 citationem

165 2771 527 2814 Clementznarmn
561 2772 799 2813 resolvunt!
1633 2807 1636 2809 .

283 2834 502 2874 Nonnulla
535 2834 674 2874 adhuc
696 2832 951 2888 corrigenda
972 2832 1042 2872 vel
1065 2831 1270 2872 mutanda
1292 2832 1426 2871 lector
1447 2831 1659 2871 advertet:
1685 2845 1754 2884 qu.
1778 2843 1894 2879 LXIV,
1914 2838 1987 2872 art.
2013 2833 2051 2879 8,
2077 2845 2114 2871 n.
2139 2845 2178 2880 11,
2203 2833 2228 2872 1.
2253 2834 2332 2882 30;

161 2909 232 2951 qu.
266 2908 383 2944 LXVI,
418 2902 493 2936 art.
528 2897 568 2943 3,
603 2909 642 2935 n.
676 2907 733 2943 IV,
767 2908 808 2949 p.
843 2895 914 2942 88,
949 2894 974 2934 l.
1012 2905 1082 2945 14;
1118 2907 1187 2947 qu.
1212 2905 1386 2940 LXXVIII,
1411 2898 1484 2932 art.
1510 2904 1548 2943 4,
1575 2906 1612 2932 n.
1645 2905 1677 2939 1,
1702 2892 1725 2932 l.
1758 2905 1832 2940 11;
1863 2906 1932 2946 qu.
1957 2905 2164 2941 LXXXVIII,
2189 2900 2264 2934 art.
2290 2895 2329 2942 3,

160 2972 200 2999 n.
225 2970 311 3006 VIII,
336 2958 360 2998 l.
386 2959 463 3008 34;
489 2970 560 3011 qu.
583 2968 728 3004 XCVIII,
753 2962 827 2996 art.
849 2968 887 3004 2,
906 2969 946 2996 n.
969 2968 1026 3002 III,
1049 2968 1088 3009 p.
1114 2956 1215 3005 344,
1241 2954 1265 2994 1.
1290 2955 1329 3001 8,
1356 2966 1403 3005 9;
1428 2966 1498 3006 qu.
1523 2964 1635 3001 CXIII,
1659 2960 1732 2994 art.
1754 2966 1792 3001 2,
1812 2967 1924 2994 num.
1943 2967 2029 3002 VIII,
2050 2955 2127 2995 col.
2154 2967 2192 3002 2,
2211 2955 2235 2995 l.
2267 2967 2330 3008 17.

477 3069 637 3100 VARIAE
661 3068 904 3100 LECTIONES
1275 3069 1354 3097 ART.
1377 3076 1408 3106 4,
1434 3077 1464 3097 n.
1489 3077 1532 3103 III,
1557 3066 1576 3097 l.
1602 3077 1621 3107 7
1646 3077 1663 3096 a
1683 3065 1747 3102 fin„
1772 3076 1830 3106 pro
1855 3066 1904 3104 ab,
1930 3067 1973 3097 ad
1994 3077 2023 3097 A.

226 3113 645 3145 COMMENTARIORUM
669 3112 926 3144 CARDINALIS
949 3111 1155 3143 CAIETANI
1356 3123 1370 3138 »
1466 3123 1479 3137 »
1556 3111 1576 3141 l.
1602 3110 1670 3146 ult.,
1695 3120 1753 3151 pro
1776 3110 1916 3151 quidam,
1941 3111 2065 3151 quidem
2089 3110 2145 3141 Pu.

1355 3166 1369 3181 »
1434 3164 1464 3185 n.
1489 3164 1530 3191 xv,
1555 3154 1613 3185 col.
1641 3164 1668 3190 2,
1693 3155 1713 3185 l.
1742 3164 1770 3191 2,
1794 3165 1852 3196 pro
1876 3155 1942 3192 sed,
1965 3155 2084 3186 scilicet
2106 3155 2221 3187 Pinna.

215 3195 238 3227 A*
257 3197 307 3228 ed.
338 3196 442 3228 Vener.
466 3195 567 3235 151&
588 3207 606 3228 Β
645 3197 750 3228 Vener.
774 3197 874 3234 1522,·
905 3197 929 3226 P
952 3196 1044 3227 Rom.
1075 3196 1157 3238 1570
1165 3204 1178 3234 ‚·
1201 3206 1220 3225 D
1359 3210 1374 3226 x·
1470 3210 1483 3225 ι»
1602 3211 1616 3226 »
1693 3199 1713 3229 l.
1741 3208 1791 3234 21,
1817 3209 1875 3239 pro
1900 3200 2046 3236 iniuriae,
2072 3200 2191 3230 iniuria
2215 3211 2244 3230 A.

159 3242 271 3272 Rttav.
296 3239 405 3282 16985
426 3250 444 3271 n
467 3241 558 3272 Rom.
583 3241 672 3281 1773.
1360 3255 1374 3270 »
1471 3255 1485 3270 2
1603 3255 1617 3269 »
1695 3243 1715 3273 l.
1742 3252 1793 3283 29,
1818 3248 1863 3274 est
1885 3243 1970 3283 quod
1991 3253 2055 3273 om.
2080 3243 2155 3273 sz.

1359 3299 1373 3312 »
1469 3298 1483 3313 ›
1694 3287 1715 3317 1.
1742 3287 1792 3323 35,
1802 3297 1860 3328 pro
1873 3287 2043 3324 Zaleucus,
2054 3287 2204 3318 Seleucus
2215 3288 2332 3318 Panna.

565 3329 725 3366 QUAEs‘rIo
749 3339 821 3360 LVII.

1674 3374 1832 3411 QUAESTIo
1851 3385 1934 3405 LVIII.

160 3419 238 3448 Αιιτ.
269 3428 295 3451 1.
320 3427 407 3448 num.
431 3426 464 3452 n,
489 3417 550 3447 col.
573 3426 601 3452 2,
619 3416 673 3446 lin.
699 3417 718 3447 6
743 3427 761 3447 a
775 3416 847 3453 fine,
864 3426 922 3458 pro
939 3417 1035 3458 quod,
1053 3417 1092 3448 de
1108 3418 1182 3448 sz.
1200 3435 1221 3440 -

267 3495 270 3497 ,
426 3462 488 3493 Pro
512 3470 598 3498 vero,
624 3460 665 3491 ηό
690 3471 719 3491 A.
1275 3464 1354 3492 Αιιτ.
1383 3463 1411 3499 3,
1435 3463 1456 3493 l.
1482 3473 1511 3504 7,
1537 3472 1595 3502 pro
1619 3463 1790 3499 transiens,
1816 3463 2012 3493 transeuntis
2034 3474 2062 3495 A.

160 3507 240 3537 ART.
263 3515 294 3545 4,
315 3515 346 3536 n.
370 3516 401 3542 11,
424 3515 496 3546 pag.
523 3505 552 3541 8,
577 3505 596 3535 l.
625 3507 656 3541 5,
685 3515 743 3545 pro
773 3505 1018 3545 inaequalitate,
1044 3506 1075 3535 in
1103 3515 1220 3546 aequa·
1438 3506 1498 3537 col.
1525 3515 1554 3542 2,
1578 3507 1598 3537 1.
1627 3507 1653 3542 3,
1679 3517 1737 3546 pro
1761 3515 1833 3546 quo,
1858 3516 1921 3546 qua
1944 3507 2018 3538 Poe.

427 3550 519 3580 litate
539 3549 654 3583 Panna.
1173 3573 1192 3586 ,.
1247 3532 1249 3578 Ι
1276 3553 1355 3580 An.
1381 3560 1411 3589 4,
1436 3551 1456 3581 l.
1481 3560 1512 3589 4,
1537 3560 1595 3590 pro
1620 3551 1715 3587 intus,
1742 3555 1835 3581 notus
1859 3550 1973 3581 PAnmz.
