2860 4244
7 326 17 336 ·
33 324 99 346 Vero.
117 330 133 346 ι.

106 387 122 403 α

8 433 18 442 ⁸
35 431 116 453 Ordin.

106 484 121 518 β

8 775 33 797 ln
46 775 139 803 Evang.

105 908 122 934 Υ

8 1109 136 1159 λ’ῧῗῗ

28 1830 30 1834 ·
62 1824 159 1838 ·¹1›.=‘¹
184 1829 203 1848 ¹¹

48 1856 49 1859 ¹
104 1850 176 1871 ἤι’.

909 242 1175 288 QUAESTIO
1205 243 1342 290 LXIII,
1371 243 1667 280 ARTICULUS
1697 243 1746 279 111

299 309 336 359 3.
357 322 596 368 PRAETEREA,
625 333 739 369 super
773 320 864 357 illud
896 321 1073 357 Iac.11*:
1103 321 1231 357 Nolite
1267 322 1303 358 in
1331 321 1333 324 ’

239 385 494 423 personarum
522 374 735 421 acceptione
757 374 895 410 habere
917 378 934 394 ‘²
958 380 1041 419 etc.,
1063 373 1149 409 dicit
1169 374 1304 410 Glossa

222 426 446 474 ‘Augustini
463 426 503 463 *z
533 427 576 463 Si
600 424 806 474 hoc'quod
832 425 992 462 Iacobus
1019 426 1122 470 dicit,
1146 441 1164 458 «
1183 426 1225 462 Si
1251 427 1305 463 in·
1332 427 1333 430 ’

246 479 388 515 troierit
413 479 450 515 in
479 484 701 516 conventum
728 483 892 514 vestrum
917 476 933 507 β
959 477 1019 514 vir
1045 479 1184 514 habens
1213 491 1306 515 anu-

246 531 324 568 lum
344 543 503 568 aureum
522 547 540 564 2>
563 537 643 576 etc.,
663 530 893 579 intelligatur
910 530 956 566 de
974 530 1195 577 quotidianis
1219 543 1306 567 con-

245 585 415 630 sessibus,
431 584 512 632 quis
530 584 591 620 hic
609 595 684 620 non
693 588 837 630 peccat,
856 583 891 619 si
907 588 1030 618 tamen
1044 583 1207 630 peccat?
1230 583 1307 620 Sed

246 637 343 673 haec
363 644 418 673 est
445 635 616 684 acceptio
635 647 901 683 personarum,
922 635 1055 672 divites
1078 643 1235 684 propter
1254 635 1308 672 di-

246 689 357 726 vitias
376 690 588 725 honorare:
613 687 703 724 dicit
722 687 823 724 enim
845 687 1063 735 Gregorius,
1083 688 1121 724 in
1141 688 1307 735 quadam
1334 690 1335 706 ³

9 748 107 771 ‘Homss
121 748 220 771 xxvm
246 741 403 779 homilia
421 741 459 777 *z
488 740 671 789 Superbia
691 746 819 777 nostra
838 741 1058 786 retunditur,
1079 741 1168 789 quia
1186 741 1223 776 in
1243 741 1308 777 ho·
1334 736 1336 780 ᾗ

246 793 408 830 minibus
435 805 511 830 non
531 798 721 839 naturam,
742 804 816 841 qua
844 793 896 829 ad
918 794 1123 843 imaginem
1151 793 1226 829 Dei
1239 793 1309 840 fa-

247 846 297 884 cti
320 851 419 892 sunt,
437 846 503 882 sed
529 845 676 883 divitias
703 847 957 890 honoramus;
985 853 1021 882 et
1047 845 1113 892 sic,
1139 857 1226 881 cum
1256 844 1309 881 di·

245 898 360 936 vitiae
387 910 467 935 non
485 897 559 935 sint
587 898 716 935 debita
739 910 854 935 causa
880 898 1049 945 honoris,
1074 896 1275 946 pertinebit
1292 902 1308 925 Υ
1336 897 1337 927 3

246 952 322 989 hoc
340 951 389 988 ad
415 963 670 999 personarum
691 951 967 999 acceptionem.
997 951 1100 997 Ergo
1127 960 1310 997 persona-

247 1015 333 1041 rum
361 1003 533 1052 acceptio
561 1016 641 1041 non
670 1010 726 1040 est
751 1010 953 1052 peccatum
982 1002 1081 1039 circa
1113 1001 1310 1038 exhibitio·
1336 1006 1337 1011 ’

246 1068 336 1094 nem
364 1056 534 1094 honoris.

301 1110 376 1146 San
391 1120 540 1149 CONTRA
552 1120 618 1146 EST
632 1107 737 1156 quod
753 1107 887 1145 dicitur
901 1106 939 1143 in
954 1107 1090 1144 Glossa
1102 1105 1308 1143 *1ac.11=‘·*:

250 1161 485 1210 Quicumque
511 1161 671 1198 divitem-
683 1165 843 1209 propter
860 1159 1008 1196 divitias
1034 1160 1207 1204 honorat,
1222 1170 1310 1207 pec-

247 1220 318 1261 cat.
347 1214 397 1251 Et
414 1213 497 1263 pari
525 1213 683 1259 ratione,
705 1212 735 1249 si
763 1212 899 1261 aliquis
918 1212 1128 1249 honoretur
1155 1219 1311 1260 propter

247 1266 337 1304 alias
365 1278 500 1304 causas
527 1277 627 1314 quae
663 1277 742 1302 non
770 1265 912 1302 faciunt
949 1265 1107 1312 dignum
1139 1265 1309 1301 honore:

247 1319 351 1367 quod
372 1318 610 1367 pertin-ettad
630 1318 892 1367 acceptionem
911 1329 1176 1365 personarum.
1206 1317 1309 1364 Ergo

222 1372 431 1420 „acceptio
446 1368 700 1420 personarum
734 1371 774 1408 in
803 1370 1032 1408 exhibitione
1069 1370 1227 1406 honoris
1256 1377 1311 1407 est

246 1432 462 1474 peccatum.

299 1478 527 1517 Responnno
546 1488 732 1514 morannum
760 1475 867 1524 quod
884 1476 1011 1513 honor
1039 1482 1095 1511 est
1113 1474 1310 1522 quoddam

245 1529 509 1568 testimonium
546 1529 594 1566 de
627 1528 766 1566 virtute
805 1528 885 1564 eius
922 1527 987 1576 qui
1018 1527 1245 1563 honoratur:
1276 1534 1312 1563 et

247 1583 335 1625 ideo
364 1583 445 1620 sola
461 1582 582 1620 virtus
610 1589 667 1618 est
694 1580 822 1618 debita
841 1592 956 1617 causa
983 1579 1152 1616 honoris.
1183 1578 1312 1616 Scien-

249 1635 342 1674 dum
377 1643 506 1673 tamen
539 1634 645 1682 quod
682 1633 817 1682 aliquis
852 1640 979 1681 potest
1015 1631 1196 1669 honorari
1234 1644 1312 1669 non

300 1778 328 1811 α)
346 1776 451 1803 habere.
462 1791 481 1796 -
491 1777 576 1811 fldem
595 1777 692 1802 addunt
709 1775 783 1801 PHx.

300 1812 326 1846 β)
344 1815 503 1839 conventum
521 1815 648 1838 vestrum.
659 1826 680 1832 -
698 1814 859 1837 tomentum
878 1814 996 1836 vestrum
1014 1811 1050 1841 Β,
1073 1812 1241 1842 conspectum
1265 1816 1309 1834 ve-

245 1851 335 1877 :tr-mn
353 1848 433 1874 ιΑΚι
451 1853 477 1873 et
494 1848 514 1872 F
533 1847 560 1872 in
573 1853 641 1880 spat.
653 1855 717 1877 vac„
734 1851 768 1880 9¹⁴
783 1849 902 1871 nostrum
921 1846 951 1876 E,
969 1848 1110 1877 conspectu
1123 1848 1211 1870 vestro
1229 1845 1270 1869 ed.
1283 1851 1308 1874 a,

125 1877 133 1890 ⁸
165 1887 171 1890 ‘
223 1888 225 1890 '
246 1877 377 1911 domin
395 1886 484 1909 vestro
502 1883 537 1914 P;
555 1883 663 1908 abrasae
681 1883 759 1915 pAK;
778 1881 805 1906 in
823 1884 980 1907 conventum
999 1888 1053 1905 om.
1072 1888 1117 1913 px.

247 1919 496 1983 mepgertinebit.
507 1932 526 1939 —
533 1918 687 1951 pertinebat
697 1916 932 1950 ABEFHILpCsK,
947 1916 1120 1948 pertinebunt
1133 1915 1170 1946 D;
1189 1922 1238 1947 pro
1252 1915 1309 1944 hoc,

354 1972 362 1985 ‚
379 1962 434 1981 om.
453 1954 487 1980 H.

2364 242 2412 278 65

1359 322 1484 358 solum
1512 328 1668 369 propter
1686 321 1864 357 virtutem
1884 320 2091 369 propriam,
2112 321 2178 357 sed
2198 319 2311 356 etiam
2330 331 2418 367 pro—

1359 382 1441 422 pter
1468 373 1648 410 virtutem
1669 373 1831 410 alterius.
1861 373 1966 409 Sicut
1984 372 2173 421 principes
2203 379 2238 408 et
2261 371 2419 420 praelati

1358 427 1595 462 honorantur
1623 426 1736 463 etiam
1756 426 1786 462 si
1815 426 1887 462 sint
1911 426 2012 472 mali,
2033 425 2257 472 inquantum
2285 431 2419 471 gerunt

1333 511 1334 519 ἶ
1359 490 1565 526 personam
1585 478 1657 514 Dei
1678 486 1714 514 et
1742 478 2022 515 communitatis
2042 477 2102 513 cui
2130 476 2417 525 praeficiuntur:

1361 530 1572 567 secundum
1600 531 1689 567 illud
1717 532 1830 567 Prov.
1859 542 1942 566 xxw
1961 530 2000 567 *z
2031 530 2133 566 Sicut
2159 530 2224 577 qui
2262 530 2422 566 immittit

1333 588 1335 610 l
1360 582 1500 630 lapides
1528 583 1565 618 in
1594 594 1772 619 acervum
1801 583 1999 628 Mercurii,
2021 583 2071 619 ita
2100 583 2165 630 qui
2182 582 2308 618 tribuit
2335 582 2421 618 insi-

1334 643 1336 677 }
1354 635 1475 682 pienti
1504 635 1699 671 honorem.
1737 635 1839 681 Quia
1864 633 1877 656 δ
1904 635 2062 682 gentiles
2098 635 2286 671 rationem
2324 634 2420 670 attri-

1361 686 1530 723 buebant
1558 687 1770 733 Mercurio,
1798 699 1956 723 acervus
1986 687 2163 724 Mercurii
2197 686 2330 724 dicitur
2358 699 2420 722 cu-

1362 739 1488 776 mulus
1509 738 1702 784 ratiocinii,
1723 739 1761 775 in
1781 751 1857 787 quo
1877 747 2066 776 mercator
2087 739 2318 788 quandoque
2337 739 2422 775 mit-

1335 807 1337 836 1
1362 791 1404 828 tit
1439 803 1561 827 unum
1595 791 1763 839 lapillum
1791 792 1876 828 loco
1915 799 2067 828 centum
2104 804 2342 828 marcarum:
2371 791 2422 828 ita

1364 843 1479 880 etiam
1498 843 1708 880 honoratur
1726 843 1918 892 insipiens,
1939 844 2028 891 quia
2043 849 2054 865 ἱ
2074 845 2227 891 ponitur
2245 845 2330 881 loco
2349 844 2422 881 Dei

1364 903 1401 932 et
1427 896 1513 931 loco
1542 895 1655 932 totius
1684 896 1978 932 communitatis.
1999 916 2023 924 -
2043 897 2092 932 Et
2113 896 2249 933 eadem
2278 896 2421 933 ratione

1336 951 1338 972 l
1362 954 1539 996 parentes
1568 955 1604 984 et
1631 947 1777 984 domini
1797 955 1883 984 sunt
1909 948 2136 993 honorandi,
2157 956 2312 996 propter
2338 961 2422 997 par-

1363 999 1620 1048 ticipationem
1650 1000 1801 1037 divinae
1831 1001 2036 1047 dignitatis,
2067 1001 2131 1049 qui
2160 1009 2215 1037 est
2248 1001 2422 1037 omniurn

1365 1054 1476 1089 Pater
1496 1060 1532 1088 et
1550 1052 1751 1089 Dominus.
1772 1073 1797 1080 -
1818 1054 1937 1089 Senes
1957 1060 2085 1090 autem
2105 1060 2191 1089 sunt
2209 1053 2423 1090 honorandi

1337 1113 1338 1143 3
1363 1112 1519 1154 propter
1546 1105 1694 1152 signum
1720 1105 1879 1153 virtutis,
1904 1105 2009 1153 quod
2037 1113 2093 1142 est
2116 1113 2311 1142 senectus:
2339 1106 2425 1142 licet

1337 1157 1338 1202 j
1363 1158 1438 1195 hoc
1458 1157 1608 1205 signum
1634 1157 1865 1206 quandoque
1894 1158 2056 1194 deficiat.
2085 1158 2197 1195 Unde
2217 1157 2240 1204 ζ,
2266 1165 2307 1194 ut
2335 1158 2423 1195 dici-

1337 1236 1339 1249 ,
1364 1218 1424 1247 tur
1451 1211 1540 1258 Sap:
1570 1221 1605 1247 1v
1623 1209 1661 1256 *,
1689 1216 1856 1247 senectus
1890 1222 1978 1247 vere
2004 1210 2226 1247 honoranda
2264 1216 2318 1246 est
2349 1223 2423 1247 non

1337 1262 1339 1310 ξ
1364 1264 1542 1300 diuturna
1561 1274 1680 1311 neque
1698 1274 1888 1300 annorum
1908 1274 2066 1300 numero
2086 1268 2321 1311 computata:
2340 1264 2428 1300 cani

1337 1322 1339 1354 l
1364 1322 1489 1352 autem
1507 1321 1595 1352 sunt
1611 1327 1740 1352 sensus
1758 1316 1930 1361 hominis,
1950 1321 1985 1352 et
2011 1321 2114 1352 aetas
2132 1316 2326 1352 senectutis
2349 1316 2425 1353 vita

1337 1379 1339 1404 l
1364 1374 1419 1405 est
1444 1368 1698 1405 immaculata.
1721 1390 1744 1396 -
1764 1369 1912 1406 Divites
1940 1375 2068 1405 autem
2096 1368 2311 1405 honorandi
2340 1376 2426 1405 sunt

1364 1429 1520 1470 propter
1547 1421 1622 1457 hoc
1651 1421 1757 1468 quod
1782 1422 1969 1459 maiorem
1997 1422 2125 1458 locum
2145 1421 2184 1458 in
2213 1421 2426 1458 communi—

1365 1473 1504 1510 tatibus
1532 1473 1716 1511 obtinent.
1747 1474 1787 1510 Si
1815 1481 1942 1511 autem
1971 1474 2252 1511 solum-intuitu
2281 1473 2426 1511 divitia·

1365 1538 1452 1563 rum
1471 1526 1720 1573 honorentur,
1741 1526 1808 1563 erit
1836 1534 2036 1575 peccatum
2056 1526 2286 1574 acceptionis
2305 1532 2323 1553 η
2342 1538 2426 1574 per·

1366 1590 1563 1615 sonarum.

1420 1631 1470 1667 Et
1497 1643 1566 1679 per
1593 1632 1669 1667 hoc
1696 1638 1798 1679 patet
1827 1631 2022 1679 responsio
2052 1631 2100 1668 ad
2130 1631 2289 1668 obiecta.

1421 1772 1446 1806 ὃ)
1468 1773 1575 1803 Quia-
1595 1773 1665 1803 Quia
1683 1773 1753 1798 enim
1774 1773 1812 1804 G;
1834 1773 1904 1804 Quia
1922 1773 1992 1797 enim
2010 1773 2122 1806 gentiles
2141 1772 2371 1798 ratiocinationem
2385 1773 2429 1797 ali-

1370 1816 1439 1841 quae
1457 1809 1591 1833 editiones.

1422 1844 1444 1876 ε)
1463 1844 1564 1876 quia.-·
1581 1845 1627 1876 qui
1644 1844 1691 1868 Pa.

1422 1878 1448 1911 ζ)
1472 1879 1555 1904 Unde.
1568 1892 1587 1898 -
1605 1879 1667 1904 Om.
1686 1879 1723 1910 1-1;
1748 1882 1777 1903 ut
1802 1886 1856 1903 om.
1875 1878 1958 1903 CIKx.
1970 1892 1988 1896 -
2006 1878 2057 1902 Pro
2076 1885 2137 1903 vere
2162 1877 2334 1907 honoranda,
2359 1878 2429 1903 enim

1370 1914 1530 1939 honoranda
1548 1914 1578 1945 E,
1597 1913 1760 1939 honorabilis
1774 1913 1928 1939 veneranda
1946 1913 1979 1944 G,
1998 1913 2156 1938 venerabilis
2169 1913 2322 1938 veneranda
2335 1914 2366 1944 L,
2384 1913 2429 1938 ho-

1371 1950 1496 1974 noranda
1515 1950 1566 1980 (est
1584 1949 1705 1974 iuvenilis
1724 1951 1788 1981 non)
1806 1950 1839 1974 A.

1424 1985 1451 2017 η)
1471 1985 1639 2016 acceptionis.
1652 1999 1669 2003 -
1687 1984 1804 2016 acceptio
1823 1984 1980 2016 ABEFpKn.

921 2071 1253 2104 Commentariis.
1275 2070 1525 2103 cardinalis
1548 2069 1748 2102 Caietani

277 2166 298 2187 u
309 2156 443 2187 articulo
459 2155 551 2186 tertio
567 2154 710 2185 eiusdem
722 2153 917 2194 quaestionis
929 2152 1064 2182 dubium
1081 2151 1217 2182 occurrit
1233 2150 1312 2182 circa

278 2201 398 2231 calcem
420 2199 553 2235 articuli,
577 2198 633 2228 ubi
656 2197 785 2228 dicitur:
810 2197 846 2227 Si
868 2202 974 2236 autem
997 2197 1100 2227 solum
1125 2196 1242 2226 intuitu
1265 2195 1313 2226 di-

248 2245 399 2276 vitiarum
430 2244 645 2279 honorentur,
670 2243 732 2272 erit
752 2246 922 2281 peccatum
945 2241 1137 2281 acceptionis
1156 2248 1313 2280 persona·
1338 2241 1340 2282 ’χ

248 2298 332 2319 rum.
355 2288 444 2318 Tum
459 2287 535 2328 quia
557 2285 697 2326 acceptio
720 2295 929 2325 personarum
953 2295 1019 2315 non
1042 2284 1135 2314 habet
1156 2285 1267 2314 locum
1281 2282 1314 2312 in
1339 2288 1341 2303 ²

247 2331 400 2373 gratuitis,
425 2331 480 2362 sed
503 2330 610 2361 solum
632 2329 665 2359 in
689 2329 801 2360 debitis
824 2328 1085 2360 exhibitionibus:
1111 2328 1150 2358 de
1173 2326 1315 2367 gratuitis

9 2379 222 2409 'mutatu-1¹,
249 2376 336 2408 enim
357 2375 512 2417 scriptum
532 2381 579 2406 est
592 2374 622 2403 *:
647 2374 698 2404 An
718 2383 781 2404 non
797 2373 871 2404 licet
886 2374 963 2404 mihi
983 2373 1068 2414 quod
1086 2372 1157 2403 volo
1169 2371 1316 2412 facere?

11 2412 111 2436 mrs-

249 2419 405 2459 Quamvis
426 2419 522 2459 igitur
544 2418 578 2449 in
594 2417 777 2448 'honoribus
801 2417 913 2448 debitis
941 2424 1022 2448 esset
1044 2415 1185 2456 acceptio
1209 2425 1316 2456 perso-

250 2474 384 2503 narum,
407 2470 444 2494 ut
465 2463 493 2494 si
514 2462 548 2494 in
571 2468 731 2493 conventu
755 2461 935 2492 Christiano
965 2461 1080 2502 aliquis
1103 2459 1317 2500 supra-hono-

0 2511 92 2569 ]:qgffth
105 2492 223 2541 mma-²
249 2515 335 2541 retur
356 2514 487 2549 propter
509 2506 642 2543 divitias,
658 2513 695 2537 ut
709 2506 842 2536 Iacobus
857 2506 1033 2545 Apostolus
1057 2504 1132 2535 dicit
1141 2504 1168 2540 *‚
1186 2504 1261 2544 quia
1284 2503 1317 2533 in

0 2938 10 2998 [2

0 3138 6 3172 i

0 3366 95 3605 ⁵23:-
105 3503 145 3525 m,
159 3501 200 3520 ιη.
212 3503 233 3524 2,

0 3886 15 3925 ἱ,

0 3925 7 3962 5

0 4022 6 4038 .

0 4088 13 4137 ξ

0 4144 14 4229 5

249 2551 438 2585 huiusmodi
467 2557 627 2583 conventu
656 2551 747 2581 locus
779 2550 910 2580 debetur
939 2556 1069 2590 propter
1089 2549 1256 2579 virtutem:
1285 2546 1318 2577 in

251 2596 428 2629 honoribus
453 2602 562 2626 tamen
583 2594 744 2635 gratuitis,
769 2604 844 2624 cum
873 2594 1016 2635 quotidie
1041 2593 1239 2623 honoramus
1263 2601 1319 2622 eos

251 2641 308 2683 qui
329 2640 423 2671 nobis
445 2646 617 2671 occurrunt
646 2638 822 2678 detegendo
847 2645 958 2679 caput,
982 2644 1014 2669 et
1035 2636 1237 2672 huiusmodi,
1262 2635 1319 2676 qui

251 2692 360 2719 tamen
380 2694 447 2715 non
471 2690 546 2714 sunt
567 2683 667 2714 nostri
690 2683 878 2723 superiore&
902 2689 939 2713 ut
960 2688 1134 2717 teneamur,
1158 2681 1247 2711 nulla
1265 2690 1319 2720 ap-

251 2735 341 2770 paret
362 2728 442 2760 ratio
465 2727 656 2768 acceptionis
677 2736 897 2768 personarum.
920 2726 1005 2758 Volo
1020 2726 1106 2756 enim
1121 2725 1167 2755 illi
1190 2731 1320 2765 propter

253 2772 377 2805 divitias
403 2781 580 2811 assurgere,
611 2771 758 2812 quamvis
787 2781 855 2801 non
878 2777 1051 2801 mereatur:
1081 2779 1123 2800 an
1153 2779 1215 2799 non
1247 2769 1321 2799 licet

253 2817 332 2848 mihi
353 2816 439 2857 quod
461 2815 532 2846 volo
545 2814 693 2856 facere?

308 2861 398 2892 Tum
425 2859 525 2900 quia„
548 2859 622 2890 dato
653 2858 743 2899 quod
765 2858 799 2888 in
821 2857 1007 2889 huiusmodi
1036 2856 1173 2897 gratuito
1196 2856 1320 2886 honore

253 2911 385 2946 propter
407 2903 530 2934 divitias
553 2902 593 2933 sit
614 2908 792 2943 peccatum,
809 2911 875 2932 non
892 2907 939 2932 est
960 2907 1067 2932 tamen
1089 2907 1256 2941 peccatum
1271 2908 1320 2929 ac-

255 2947 410 2990 ceptionis
432 2956 652 2988 personarum,
675 2947 732 2978 sed
753 2953 920 2986 peccatum
941 2944 1202 2976 inobservantiae.
1226 2942 1322 2974 Exhi-

254 2994 328 3025 bere
355 2991 443 3023 enim
470 2991 658 3022 huiusmodi
686 2990 826 3020 honores
857 2989 898 3020 ad
928 2989 1144 3019 observandae
1171 2988 1321 3018 virtutem

255 3042 391 3077 spectat:
423 3045 460 3066 ac
488 3045 546 3076 per
566 3035 648 3071 hoc,
672 3044 774 3065 errare
800 3034 833 3064 in
859 3033 1044 3064 huiusmodi
1071 3033 1112 3062 ad
1133 3031 1248 3063 vitium
1275 3030 1322 3062 ini

256 3080 460 3116 contrarium,
485 3085 516 3110 et
538 3089 604 3110 non
619 3079 660 3109 ad
675 3078 893 3118 acceptionem
911 3087 1130 3117 personarum,
1150 3085 1232 3116 quae
1247 3085 1323 3106 con-

255 3124 401 3159 trariatur
422 3123 559 3154 iustitiae
582 3122 806 3158 distributivae,
831 3128 959 3162 spectat.

311 3168 350 3199 Π.
374 3167 425 3198 Ad
439 3167 502 3197 hoc
525 3167 639 3197 dicitur
661 3167 760 3207 quod,
785 3176 859 3196 cum
882 3164 1023 3205 acceptio
1046 3173 1257 3204 personarum
1274 3162 1322 3193 in-

256 3218 382 3243 tantum
404 3211 443 3241 sit
466 3217 632 3251 peccatum
660 3210 852 3251 inquantum
879 3209 1086 3240 contrariatur
1107 3208 1261 3243 iustitiae;
1294 3213 1324 3237 et

257 3255 376 3286 iustitia
398 3255 506 3285 solum
527 3261 668 3285 versetur
691 3254 771 3285 circa
793 3253 915 3292 debita3
942 3262 1139 3293 consequens
1163 3259 1210 3282 est
1232 3258 1268 3282 ut
1290 3251 1323 3281 in

258 3299 400 3340 gratuitis
422 3299 532 3329 locum
555 3308 620 3329 non
643 3298 765 3329 habeat.
789 3298 830 3328 Et
850 3298 876 3328 si
898 3297 1101 3328 nominatum
1116 3303 1197 3327 esset
1210 3295 1324 3326 vitium

259 3343 453 3375 contrarium
474 3342 581 3373 virtuti
605 3342 835 3378 observantiae,
860 3341 996 3372 dicerem
1026 3341 1115 3381 quod
1141 3340 1243 3371 littera
1266 3339 1325 3370 ista

259 3387 462 3427 intelligenda
478 3394 558 3417 esset
581 3396 646 3416 non
670 3386 709 3416 de
731 3386 854 3416 honore
878 3385 1102 3420 universaliter,
1127 3385 1181 3414 sed
1205 3384 1243 3414 de
1266 3383 1324 3413 ho-

260 3441 338 3462 nore
361 3431 468 3461 solum
491 3430 607 3461 debito.
639 3430 701 3460 Sed
730 3429 806 3471 quia
828 3429 1043 3460 observantiae
1066 3428 1259 3459 contrarium
1281 3427 1325 3457 vi—

260 3475 342 3505 tium
363 3474 600 3505 innominatum
619 3481 677 3509 est;
702 3481 732 3505 et
756 3473 951 3504 observantia
974 3480 1020 3504 est
1042 3483 1113 3512 pars
1128 3471 1273 3507 iustitiae,
1294 3477 1324 3501 et

262 3518 398 3550 extendit
417 3528 449 3549 se
468 3518 507 3549 ad
531 3517 672 3549 debitum
688 3518 817 3554 morale,
835 3524 870 3548 ut
888 3517 920 3548 in
936 3527 996 3548 suo
1012 3523 1142 3548 tractatu
1162 3514 1321 3556 patebit*:

403 3579 512 3617 Summa
531 3578 634 3603 Tanos.
651 3579 683 3602 D.
697 3578 812 3602 Tnouar.
831 3577 863 3602 T.
877 3577 919 3602 VI.

1363 2150 1435 2180 ideo
1458 2150 1595 2180 litteram
1614 2149 1694 2180 hanc
1711 2149 1926 2180 universaliter
1941 2150 2092 2189 intelligo,
2111 2157 2141 2180 et
2156 2150 2227 2180 dico
2247 2150 2335 2190 quod
2351 2150 2432 2180 sicut

1363 2194 1457 2234 gratis
1482 2194 1587 2224 dando
1604 2194 1773 2234 pecuniam
1797 2194 1937 2234 quando,
1954 2193 2020 2230 ubi,
2036 2204 2144 2234 quare,
2161 2200 2230 2230 etc.,
2254 2203 2319 2224 non
2337 2203 2431 2233 opor-

1365 2245 1418 2274 tet,
1443 2248 1540 2278 pecco
1565 2245 1674 2268 contra
1696 2238 1931 2274 liberalitatem,
1955 2238 2101 2278 quamvis
2124 2248 2190 2268 non
2213 2238 2327 2268 faciam
2349 2237 2431 2268 iniu-

1364 2282 1444 2313 riam
1459 2282 1566 2330 alic‘ui;
1590 2282 1633 2313 ita
1656 2282 1750 2322 gratis
1773 2283 1962 2312 honorando
1978 2282 2116 2322 aliquem
2140 2291 2238 2322 quare
2253 2289 2319 2312 non
2336 2291 2432 2321 opor-

1365 2333 1419 2363 tet,
1443 2334 1490 2358 est
1513 2333 1679 2367 peccatum
1703 2333 1811 2357 contra
1830 2326 2079 2362 observantiam;
2104 2326 2159 2356 sed
2182 2326 2258 2366 quia
2281 2326 2343 2356 hoc
2359 2326 2432 2355 ideo

1367 2377 1414 2401 est
1435 2377 1603 2411 peccatum
1633 2371 1709 2411 quia
1731 2370 1883 2410 accipitur
1911 2380 2089 2401 non—causa
2118 2369 2249 2400 honoris
2279 2369 2375 2400 debiti
2399 2376 2435 2400 ut

1367 2423 1462 2445 causa
1484 2415 1616 2445 honoris
1639 2414 1750 2451 debiti,
1773 2415 1845 2445 ideo
1869 2414 2028 2445 reductive
2051 2420 2098 2444 est
2120 2414 2260 2454 acceptio
2283 2423 2435 2454 persona-

1367 2469 1450 2489 rum.
1481 2459 1554 2490 Dixi
1577 2466 1700 2495 autem,
1724 2458 1836 2496 debiti,
1866 2458 1942 2499 quia
1971 2458 2061 2488 omni
2091 2467 2203 2488 causae
2230 2457 2362 2488 honoris
2389 2464 2436 2488 est

1367 2503 1474 2533 honor
1496 2503 1630 2540 debitus,
1651 2503 1725 2534 licet
1747 2512 1814 2533 non
1830 2513 1848 2532 a
1863 2512 1926 2533 me.
1948 2503 2082 2542 Propter
2097 2503 2186 2542 quod
2210 2511 2284 2532 cum
2306 2508 2436 2542 propter

1368 2547 1491 2578 divitias
1515 2547 1678 2578 exhibetur
1700 2547 1815 2583 honor,
1839 2557 1906 2577 non
1926 2546 2032 2576 solum
2046 2556 2140 2577 causa
2155 2545 2366 2581 exhibitionis,
2381 2545 2436 2575 sed

1368 2591 1463 2622 etiam
1487 2602 1580 2622 causa
1604 2591 1701 2622 debiti
1723 2591 1868 2621 violatur.
1893 2591 1968 2621 Non
1983 2590 2028 2621 sic
2046 2597 2154 2620 autem
2177 2596 2224 2620 est
2246 2590 2285 2620 de
2301 2589 2436 2630 prodigo

1369 2636 1508 2666 donante
1531 2646 1568 2666 ex
1587 2645 1682 2666 causa
1696 2634 1916 2666 irrationabili:
1942 2634 2096 2675 quoniam
2119 2641 2227 2674 peccat
2249 2634 2379 2674 quidem
2402 2634 2435 2664 in

1370 2690 1479 2716 causa,
1504 2680 1559 2710 sed
1587 2689 1654 2710 non
1677 2679 1710 2709 in
1734 2689 1829 2710 causa
1851 2678 1962 2715 debiti;
1994 2688 2060 2709 non
2090 2678 2176 2709 enim
2207 2678 2297 2708 omni
2324 2687 2436 2708 causae

1369 2731 1499 2765 propter
1521 2734 1619 2764 quam
1642 2730 1748 2764 potest
1770 2723 1892 2759 donari,
1917 2723 2047 2753 debetur
2069 2722 2199 2752 donatio
2212 2745 2219 2758 ‚
2243 2722 2325 2752 sicut
2347 2721 2437 2751 omni

1369 2768 1496 2804 virtuti,
1520 2777 1603 2808 quae
1626 2767 1695 2797 sola
1718 2774 1764 2797 est
1787 2777 1880 2797 causa
1902 2766 2043 2802 honoris,
2068 2773 2104 2796 ut
2126 2765 2158 2796 in
2181 2765 2283 2796 littera
2306 2765 2435 2800 dicitur,

1370 2813 1502 2843 debetur
1524 2812 1640 2842 honor.
1675 2811 1716 2841 Et
1737 2811 1810 2841 ideo
1841 2810 1990 2840 exhibitio
2018 2809 2149 2840 honoris
2171 2809 2279 2839 solum
2307 2815 2437 2849 propter

1371 2856 1495 2886 divitias
1517 2854 1704 2886 iniustitiam
1726 2854 1901 2894 participat.

1426 2900 1468 2930 Et
1489 2909 1546 2939 per
1563 2899 1641 2929 haec
1663 2905 1748 2938 patet
1771 2898 1889 2928 solutio
1913 2897 2121 2927 obiectorum.
2145 2897 2228 2927 Nam
2243 2896 2274 2926 in
2294 2895 2437 2935 gratuitis

1370 2943 1443 2974 licet
1466 2942 1545 2973 mihi
1574 2942 1662 2983 quod
1685 2942 1761 2972 volo
1784 2941 1903 2977 facere,
1927 2947 2084 2981 quantum
2107 2940 2147 2970 ad
2170 2940 2231 2970 hoc
2258 2940 2347 2980 quod
2370 2949 2437 2969 non

1371 2987 1452 3018 facio
1476 2986 1564 3017 alteri
1587 2986 1749 3016 iniuriam:
1774 2995 1840 3016 non
1863 2992 1970 3016 autem
1993 2985 2148 3020 absolute,
2165 2983 2308 3024 alioquin
2330 2983 2438 3023 prodi-

1371 3031 1482 3071 galitas
1505 3041 1572 3061 non
1588 3037 1668 3060 esset
1682 3029 1807 3060 vitium.
1831 3029 1920 3060 Licet
1935 3029 2021 3059 enim
2035 3028 2114 3059 mihi
2129 3028 2219 3068 quod
2233 3027 2308 3058 volo
2326 3027 2436 3063 facere,

1371 3075 1499 3106 servatis
1516 3081 1623 3105 tamen
1638 3073 1751 3104 debitis
1767 3073 2009 3104 circumstantiis
2024 3072 2154 3113 quando
2170 3071 2261 3102 facio.
2279 3071 2436 3111 Supremo

1373 3126 1479 3150 autem
1502 3117 1731 3154 patrifamilias,
1756 3117 1846 3148 cuius
1868 3118 1918 3147 lex
1941 3123 1988 3147 est
2006 3127 2063 3147 sua
2077 3117 2234 3152 voluntas,
2255 3115 2326 3146 licet
2349 3115 2437 3155 quod

1373 3164 1442 3194 vult
1465 3162 1566 3193 facere
1585 3162 1739 3192 absolute.

1429 3207 1471 3237 Et
1493 3206 1571 3237 scito
1595 3206 1684 3247 quod
1707 3205 1837 3246 quando
1861 3204 1975 3235 dicitur
2002 3204 2091 3244 quod
2113 3203 2269 3233 honorare
2291 3202 2437 3233 homines

1375 3258 1504 3291 propter
1532 3250 1653 3281 divitias
1677 3257 1722 3280 est
1750 3255 1931 3290 peecatum,
1955 3247 2137 3287 intelligitur
2164 3253 2292 3287 propter
2315 3245 2437 3276 divitias

1375 3302 1411 3326 ut
1433 3295 1670 3335 distinguuntur
1693 3300 1801 3324 contra
1825 3302 1954 3323 omnem
1977 3291 2195 3322 habitudinem
2218 3291 2256 3320 ad
2277 3290 2435 3321 virtutem.

1375 3339 1455 3370 Dico
1473 3345 1579 3369 autem
1601 3338 1673 3374 hoc,
1690 3337 1764 3378 quia
1783 3337 1907 3367 divitiae
1934 3343 1969 3366 ut
1991 3336 2140 3366 adiuvant
2163 3334 2308 3374 organice
2331 3334 2369 3363 ad
2394 3333 2437 3363 fe-

1375 3383 1542 3419 licitatem,
1568 3389 1604 3413 ut
1633 3381 1768 3412 reddunt
1798 3381 1962 3411 hominem
1992 3386 2155 3419 potentem
2183 3379 2223 3408 ad
2251 3377 2437 3407 nutriendos

1376 3427 1464 3462 alios,
1489 3427 1529 3456 ad
1543 3426 1701 3461 virtutem,
1719 3426 1757 3455 ad
1781 3424 1866 3465 pacis
1882 3423 2163 3458 conservationem,
2188 3429 2218 3452 et
2240 3421 2435 3456 huiusmodi,

1376 3471 1511 3501 reddunt
1534 3470 1680 3500 homines
1703 3468 1913 3499 honorabiles.
1938 3468 1978 3497 Et
2001 3474 2166 3507 propterea
2189 3465 2243 3506 qui
2267 3475 2332 3495 non
2351 3464 2436 3494 aliud

1378 3514 1493 3554 cogitat
1516 3514 1575 3544 nisi
1599 3513 1673 3554 quia
1697 3512 1809 3553 aliquis
1834 3518 1869 3542 ut
1891 3511 1976 3541 dives
2000 3511 2135 3541 occurrit
2150 3510 2217 3545 sibi,
2243 3519 2308 3539 non
2331 3516 2437 3548 peccat

2276 3578 2291 3602 9

2446 537 2455 546 ⁴
2471 535 2536 557 Vere.
2553 536 2574 558 8.

2451 1217 2461 1227 ⁶
2471 1216 2536 1238 Vers.
2552 1217 2574 1244 8,
2585 1223 2607 1244 9.
