2860 4244
399 211 448 246 94
1047 197 1313 259 QUAEsT1o
1343 198 1480 245 LXVI,

398 289 475 313 non
496 277 610 314 habet
637 277 823 313 rationem
845 276 1017 324 rapinae:
1049 287 1136 311 cum
1161 287 1239 311 non
1259 275 1304 312 sit
1324 282 1455 312 contra

397 329 587 366 iustitiam.
619 329 658 366 Si
676 341 769 366 vero
791 336 921 365 contra
948 327 1125 365 iustitiam
1154 327 1268 375 aliqui
1296 339 1364 375 per
1386 339 1456 375 pu—

398 382 533 419 blicam
562 389 789 430 potestatem
817 381 1002 417 violenter
1030 379 1249 416 abstulerint
1277 391 1335 416 res
1367 379 1457 416 alio-

399 447 494 480 rum,
523 434 645 471 illicite
675 441 790 481 agunt
812 441 848 469 et
867 433 1040 481 rapinam
1070 432 1324 479 committunt,
1354 439 1390 468 et
1408 433 1457 469 ad

398 487 671 523 restitutionem
699 493 884 522 tenentur.

450 541 509 576 AD
530 551 665 576 prunum
693 550 791 575 ERGO
820 549 1005 574 DICENDUM
1025 536 1131 584 quod
1155 536 1252 574 circa
1275 537 1458 586 praedam

398 591 705 639 distinguendum
735 598 800 627 est.
830 590 931 636 Quia
960 590 991 625 si
1017 589 1068 626 illi
1088 589 1152 638 qui
1180 589 1460 638 depraedantur

397 645 525 680 hostes
553 645 718 680 habeant
747 643 889 679 bellum
918 642 1072 689 iustum,
1102 655 1148 679 ea
1169 655 1267 691 quae
1295 655 1364 692 per
1381 643 1460 680 vio-

397 696 551 733 lentiam
579 697 618 732 in
644 696 744 732 bello
764 695 963 743 acquirunt
992 707 1126 732 eorum
1155 695 1382 733 efficiuntur.
1412 697 1461 732 Et

397 750 471 785 hoc
499 760 577 785 non
605 749 720 785 habet
748 748 936 784 rationem
965 748 1141 796 rapinae:
1179 749 1284 786 unde
1313 761 1384 786 nec
1412 749 1460 786 ad

397 801 672 838 restitutionem
699 808 884 838 tenentur.
917 801 1106 847 Quamvis
1134 801 1281 850 possint
1298 802 1337 839 in
1356 814 1463 839 acce-

397 854 525 902 ptione
553 853 720 902 praedae
747 854 888 891 iustum
917 854 1059 891 bellum
1087 855 1273 891 habentes
1301 867 1461 904 peccare

396 919 465 955 per
494 906 738 955 cupiditatem
769 919 813 943 ex
841 919 961 956 prava
989 907 1218 955 intentione,
1258 908 1288 944 si
1323 909 1463 945 scilicet

398 971 476 996 non
496 968 653 1009 propter
671 959 863 1007 iustitiam,
885 960 953 997 sed
977 968 1133 1009 propter
1156 961 1342 1009 praedam
1363 962 1463 1010 prin—

398 1012 565 1061 cipaliter
592 1021 782 1062 pugnent:
813 1013 902 1050 dicit
923 1013 1024 1050 enim
1044 1014 1290 1062 Augustinus,
1307 1015 1346 1051 in
1366 1015 1462 1051 libro

160 1078 370 1105 ⁴sermmxxxn,
397 1066 443 1102 de
467 1066 575 1103 Verb.
596 1068 709 1103 Dom.
730 1066 762 1112 ²¹⁵,
784 1066 889 1115 quod
911 1073 1069 1115 propter
1089 1067 1274 1116 praedam
1302 1067 1464 1105 militare

159 1105 372 1159 iibssifihss‘rhessi
391 1125 591 1167 peccatum
612 1125 674 1156 est.
692 1140 715 1146 -
740 1119 779 1156 Si
798 1132 892 1156 vero
912 1120 964 1156 illi
984 1120 1048 1169 qui
1069 1120 1255 1168 praedam
1277 1120 1465 1169 accipiunt

160 1161 221 1187 ΜΒ·
397 1172 564 1210 habeant
595 1173 739 1210 bellum
768 1172 970 1219 iniustum,
1007 1173 1179 1221 rapinam
1210 1174 1464 1219 committunt,

398 1232 434 1261 et
462 1225 511 1262 ad
539 1225 815 1263 restitutionem
844 1234 1032 1262 tenentur.

450 1281 509 1315 Ao
547 1290 739 1316 SECUNDUM
767 1290 953 1315 DICENDUM
989 1278 1095 1327 quod
1130 1278 1317 1314 intantum
1351 1278 1467 1326 aliqui

1510 199 1805 236 ARTICULUS
1833 200 1919 236 VIII

1510 276 1683 313 infideles
1721 276 1855 314 iniuste
1888 290 1947 314 res
1983 289 2071 314 suas
2097 277 2312 326 possident,
2345 279 2574 327 inquantum

1511 340 1575 365 eas
1602 329 1806 367 secundum
1835 330 1937 379 leges
1965 335 2202 367 terrenorum
2220 331 2438 380 principum
2465 333 2580 370 amit-.

1511 386 1588 417 tere
1615 381 1704 419 iussi
1727 388 1823 420 sunt.
1854 383 1902 419 Et
1927 382 2014 419 ideo
2044 383 2092 419 ab
2122 382 2174 420 eis
2207 391 2368 432 possunt
2397 397 2465 433 per
2491 385 2574 423 vio-

1510 432 1665 470 lentiam
1698 435 1884 482 subtrahi,
1920 447 1998 472 non
2031 435 2179 483 privata
2224 436 2466 485 auctoritate,
2508 439 2577 476 sed

1512 485 1677 534 publica.

1565 540 1624 575 An
1643 550 1804 576 ”rt-:arium
1829 551 2014 577 mci-:noum
2043 540 2151 588 quod
2178 541 2209 578 si
2227 540 2418 591 principes
2441 554 2466 579 a
2489 543 2578 580 sub-

1513 590 1598 628 ditis
1619 591 1768 639 exigant
1786 593 1893 640 quod
1913 593 1965 630 eis
1984 595 2197 631 secundum
2215 594 2398 632 iustitiam
2419 594 2579 635 debetur

1513 651 1671 692 propter
1699 645 1846 682 bonurn
1875 658 2084 683 commune
2111 647 2433 696 conservandum,
2464 647 2578 685 etiam

1514 697 1544 733 si
1563 696 1745 734 violentia
1769 697 2005 746 adhibeatur,
2025 712 2105 736 non
2131 707 2186 746 est
2205 701 2349 750 rapina.
2371 723 2395 730 -
2425 701 2465 738 Si
2484 712 2578 739 vero

1514 749 1654 798 aliquid
1692 749 1881 798 principes
1918 750 2085 789 indebite
2115 760 2366 802 extorqueant
2401 766 2471 803 per
2497 753 2580 791 vio-

1513 802 1685 849 lentiam,
1715 802 1847 851 rapina
1876 811 1947 850 est‚
1977 803 2073 842 sicut
2105 813 2148 846 et,
2168 806 2420 845 latrocinium.
2468 807 2580 844 Unde

1516 856 1604 893 dicit
1630 855 1885 903 Augustinus,
1915 856 1953 893 in
1982 857 2034 894 IV
2060 858 2106 894 de
2138 859 2218 896 (Σίν.
2244 860 2320 896 Dei
2335 860 2375 896 *z
2417 861 2580 898 Remota

1515 909 1666 954 iustitia,
1696 909 1787 957 quid
1815 914 1904 945 sunt
1929 921 2051 959 regna
2080 910 2153 946 nisi
2178 923 2323 961 magna
2352 912 2581 951 latrocinia?

1520 962 1618 1004 Quia
1646 967 1683 998 et
1708 962 1906 999 latrocinia
1935 963 2026 1010 quid
2060 969 2148 1000 sunt
2173 965 2246 1001 nisi
2273 977 2399 1013 parva
2427 966 2582 1016 regna?

1516 1016 1565 1052 Et
1589 1016 1728 1051 Ezech.
1749 1027 1821 1052 xxn
1841 1015 1860 1037 ’¹‘
1890 1015 2044 1052 dicitur:
2074 1017 2268 1066 Principes
2295 1019 2374 1055 eius
2397 1019 2435 1055 in
2459 1020 2581 1056 medio

1516 1068 1595 1104 eius
1623 1069 1733 1116 quasi
1765 1068 1845 1116 lupi
1877 1069 2063 1117 rapientes
2084 1071 2284 1118 praedam.
2327 1071 2440 1108 Unde
2469 1079 2506 1109 et
2533 1072 2583 1109 ad

1517 1120 1796 1158 restitutionem
1823 1129 2010 1170 tenentur,
2032 1122 2128 1159 sicut
2148 1131 2184 1160 et
2202 1124 2380 1161 latrones.
2410 1125 2459 1161 Et
2478 1131 2583 1162 tanto

1518 1174 1671 1221 gravius
1705 1182 1866 1222 peccant
1893 1187 2011 1223 quam
2042 1176 2229 1225 latrones,
2259 1185 2401 1226 quanto
2436 1178 2585 1226 pericu-

1518 1226 1637 1262 losius
1673 1234 1710 1262 et
1737 1228 1983 1266 communius
2012 1236 2144 1266 contra
2179 1231 2376 1278 publicam
2405 1229 2586 1270 iustitiam

1518 1286 1647 1326 agunt,
1678 1278 1787 1315 cuius
1816 1281 1994 1318 custodes
2022 1289 2110 1318 sunt
2137 1283 2260 1331 positi.

1075 1363 1409 1396 Commentario.
1432 1363 1685 1397 Oardjnalie
1708 1365 1910 1398 Caietam

427 1448 446 1468 N
477 1435 609 1466 articulo
640 1442 752 1466 octavo
784 1433 979 1475 quaestionis
1010 1434 1170 1472 eiusdem,
1194 1433 1227 1464 in
1257 1433 1464 1474 responsione

400 1451 467 1511 lad
490 1479 678 1515 secundum,
702 1478 761 1509 tria
782 1478 940 1509 dicuntur.
964 1478 1110 1509 Primum
1125 1484 1171 1508 est
1194 1479 1283 1519 quod
1306 1478 1464 1509 intantum

396 1525 539 1557 infideles
561 1534 610 1555 res
634 1533 707 1554 suas
730 1522 846 1553 iniuste
869 1522 1047 1563 possident,
1072 1523 1265 1564 inquantum
1288 1522 1464 1553 secundum

396 1571 481 1610 leges
500 1576 700 1600 terrenorum
723 1567 907 1608 principum
922 1567 1064 1598 amittere
1081 1577 1132 1598 eas
1146 1567 1224 1598 iussi
1239 1573 1322 1598 sunt.
1347 1567 1466 1598 Secun-

398 1615 476 1645 dum
500 1620 547 1644 est
569 1612 659 1654 quod
682 1612 869 1642 huiusmodi
892 1622 939 1642 res
964 1622 1029 1642 non
1052 1618 1189 1652 possunt
1215 1611 1335 1652 privata
1358 1618 1466 1642 aucto-

397 1659 487 1690 ritate
511 1659 548 1688 ab
566 1657 610 1688 eis
627 1656 751 1687 auferri.
776 1656 923 1686 Tertium
939 1663 985 1687 est
1007 1657 1096 1697 quod
1119 1656 1304 1687 huiusmodi
1320 1665 1368 1686 res
1392 1665 1467 1696 pos-

398 1710 473 1734 sunt
496 1703 534 1733 ab
559 1702 603 1732 eis
626 1711 682 1742 per
696 1701 881 1731 violentiam
901 1701 1042 1731 subtrahi
1065 1700 1192 1741 publica
1207 1700 1403 1731 auctoritate.
1427 1700 1468 1730 Et

398 1747 553 1789 quoniam
569 1746 693 1785 singula
714 1746 831 1775 habent
849 1745 1050 1786 quaestiones
1067 1755 1150 1782 suas,
1167 1744 1349 1785 singillatim
1365 1744 1468 1774 discu-

161 1799 216 1821 ⁸Cf.
228 1804 291 1820 num.
303 1804 371 1826 u,1v.
398 1792 504 1823 tienda
528 1797 603 1821 sunt
617 1790 644 1820 *.

455 1835 546 1866 Circa
569 1834 712 1875 primum
734 1832 830 1872 igitur
856 1833 915 1863 tria
937 1832 1073 1863 videnda
1096 1839 1185 1864 sunt:
1217 1832 1274 1873 qui
1297 1838 1372 1862 sunt
1397 1830 1463 1861 infi-

399 1880 499 1915 deles,
524 1879 580 1920 qui
605 1885 678 1909 sunt
707 1877 880 1917 principeS,
912 1887 994 1917 quae
1018 1883 1092 1906 sunt
1115 1886 1179 1912 res,
1205 1877 1243 1907 de
1273 1876 1390 1917 quibus
1421 1881 1468 1905 est

398 1934 513 1954 sermo.
534 1924 584 1953 Ad
602 1932 741 1963 quorum
758 1921 957 1957 evidentiam,
974 1921 1139 1951 sciendum
1156 1927 1202 1951 est
1217 1921 1306 1961 quod
1326 1919 1468 1950 infideles

398 1968 559 2008 tripliciter
578 1977 610 1997 se
630 1967 747 1997 habent
769 1966 809 1995 ad
828 1965 1013 1996 christianos
1033 1965 1200 2005 principes.
1225 1965 1367 2002 Quidam
1382 1963 1468 1995 enim

399 2019 472 2043 sunt
495 2011 612 2042 subditi
637 2012 674 2040 de
690 2010 774 2040 facto
795 2015 825 2039 et
841 2010 879 2039 de
894 2010 962 2040 iure
979 2010 1178 2041 Christianis:
1203 2016 1238 2040 ut
1258 2009 1376 2045 Iudaei,
1397 2009 1469 2039 hae-

398 2056 494 2092 retici,
509 2063 538 2086 et
557 2055 660 2086 Mauri
679 2054 734 2095 qui
754 2061 827 2084 sunt
846 2054 878 2084 in
893 2054 982 2084 terris
997 2054 1264 2085 Christianorum.
1288 2055 1328 2084 Et
1346 2053 1379 2084 hi
1396 2060 1470 2084 sunt

398 2100 510 2142 privati
530 2107 565 2131 ut
587 2098 734 2130 haeretici
756 2098 807 2128 vel
829 2099 933 2134 rebus,
957 2099 1008 2129 vel
1031 2098 1127 2128 servis
1143 2106 1174 2129 et
1187 2098 1385 2134 mulieribus,
1399 2104 1469 2133 etc„

399 2146 484 2176 iuxta
504 2154 609 2175 sacros
634 2151 788 2174 canones:
815 2150 850 2173 ut
866 2150 952 2183 patet
967 2143 1000 2173 in
1016 2143 1116 2174 titulis
1130 2143 1170 2174 de
1186 2143 1317 2173 Iudaeis
1334 2149 1364 2173 et
1381 2141 1470 2172 Hae-

162 2189 318 2212 *Can.Nuua
330 2190 374 2218 Os·
399 2190 519 2225 reticis,
546 2195 576 2219 et
598 2188 631 2218 in
662 2187 819 2223 Decretis,
845 2187 916 2217 dist.
941 2188 1012 2218 LIV
1032 2187 1058 2218 *.
1083 2187 1150 2218 Nec
1180 2187 1288 2217 solum
1310 2186 1469 2222 Ecclesia,

160 2217 197 2242 fic.
213 2221 235 2239 et
250 2223 302 2244 sqq'
399 2234 454 2264 sed
478 2233 635 2273 principes
655 2231 771 2272 quibus
787 2231 819 2261 hi
836 2232 1052 2272 temporaliter
1067 2232 1212 2268 subsunt,
1229 2238 1366 2272 possunt
1387 2231 1472 2270 leges

400 2278 535 2309 condere
559 2283 668 2307 contra
690 2276 767 2306 istos
791 2276 823 2305 in
847 2275 990 2307 favorem
1013 2276 1153 2306 nominis
1177 2275 1365 2312 Christiani,
1390 2275 1472 2306 sicut

400 2328 535 2363 possunt
559 2330 617 2360 pro
641 2319 709 2350 aliis
733 2319 794 2360 piis
818 2320 930 2351 causis.

457 2365 598 2403 Quidam
611 2374 687 2395 vero
711 2370 786 2394 sunt
809 2364 925 2395 subditi
941 2365 981 2394 de
996 2364 1063 2394 iure
1087 2370 1118 2394 et
1140 2374 1207 2395 non
1223 2364 1262 2394 de
1278 2363 1362 2394 facto
1386 2363 1471 2404 prin-

401 2410 522 2452 cipibus
547 2407 737 2441 christianis:
763 2415 799 2439 ut
821 2407 964 2439 infideles
987 2415 1179 2447 occupantes
1202 2415 1298 2439 terras
1322 2407 1471 2439 Christia-

401 2464 528 2485 norum.
562 2453 605 2484 Hi
630 2462 779 2493 namque,
804 2452 830 2482 si
853 2462 967 2483 eorum
990 2452 1146 2493 principes
1163 2452 1322 2483 christiani
1345 2458 1401 2482 aut
1423 2453 1472 2482 sui

401 2499 531 2530 heredes
554 2498 682 2533 vivunt,
707 2496 769 2526 illis
789 2496 829 2526 de
851 2497 918 2527 iure
939 2497 1075 2527 subsunt
1097 2497 1129 2527 in
1153 2506 1293 2537 quorum
1317 2503 1392 2526 sunt
1414 2496 1470 2526 do-

402 2543 519 2574 miniis.
542 2541 584 2572 Et
607 2541 633 2571 si
652 2541 760 2571 nullus
780 2547 922 2580 superest
945 2541 1045 2577 heres,
1069 2541 1226 2571 subdendi
1242 2546 1325 2576 sunt,
1342 2541 1382 2571 de
1403 2540 1471 2571 iure

402 2587 560 2618 Ecclesiae
583 2586 765 2622 Romanae,
790 2585 884 2615 alicui
907 2585 994 2616 alteri
1018 2585 1199 2616 Christiano
1224 2586 1262 2615 ab
1285 2584 1473 2626 Apostolica

401 2632 491 2667 Sede,
509 2629 599 2661 cuius
614 2629 743 2660 interest
765 2629 798 2659 in
821 2629 884 2660 hoc
901 2640 976 2660 casu
992 2629 1159 2670 providere
1176 2629 1215 2660 de
1230 2628 1373 2670 principe
1392 2629 1471 2660 chri-

401 2676 522 2712 stiano,
545 2674 579 2704 in
602 2673 745 2704 favorem
766 2672 850 2704 fidei.
882 2674 923 2705 Et
945 2674 978 2704 hi
1002 2684 1068 2704 non
1092 2674 1199 2705 solum
1222 2680 1295 2704 sunt
1317 2672 1471 2710 infideles,

401 2720 456 2751 sed
479 2719 586 2750 hostes
611 2717 876 2749 Christianorum.
901 2719 942 2749 Et
964 2718 990 2748 si
1014 2718 1052 2748 de
1076 2718 1170 2749 rebus
1193 2717 1329 2749 istorum
1352 2717 1471 2759 aliquid

400 2765 468 2804 lege
492 2762 648 2794 sancitum
672 2768 718 2793 est
741 2772 759 2792 a
782 2762 958 2802 praedictis,
983 2762 1159 2793 executioni
1184 2762 1402 2793 mandandum
1426 2769 1473 2793 est

401 2808 527 2849 publica
551 2807 746 2842 auctoritate,
770 2816 836 2837 non
860 2806 988 2846 privatis
1007 2806 1124 2847 rapinis
1148 2814 1203 2838 aut
1225 2806 1326 2837 furtis.
1350 2807 1470 2837 Verum

401 2861 507 2884 tamen
531 2858 578 2882 est
604 2851 694 2892 quod
724 2851 832 2891 quoad
859 2851 980 2882 bellum
1002 2851 1205 2882 inferendum
1227 2851 1310 2887 istis,
1339 2851 1472 2891 quilibet

401 2896 587 2928 christianus
611 2895 756 2936 princeps
780 2895 899 2926 habens
923 2895 1144 2926 auctoritatem
1167 2894 1327 2926 indicendi
1349 2895 1471 2926 bellum

402 2951 460 2981 pro
484 2939 646 2979 republica
669 2939 807 2979 propria,
833 2947 947 2980 potest,
964 2950 1001 2970 ex
1024 2939 1190 2971 communi
1213 2946 1304 2976 voto,
1326 2940 1472 2980 quamvis

402 2985 507 3019 tacito,
533 2983 691 3014 christiani
714 2983 838 3023 populi,
863 2984 1029 3025 praedictis
1051 2984 1165 3014 inferre
1188 2984 1318 3020 bellum,
1335 2990 1366 3014 et
1388 2984 1472 3015 licite

403 3028 564 3069 possidere
594 3037 676 3068 quae
706 3027 876 3064 obtinebit,
907 3029 933 3058 si
961 3028 1068 3059 nullus
1098 3035 1240 3068 superest
1268 3028 1358 3058 heres
1392 3028 1470 3059 chri-

403 3073 523 3104 stianus
547 3070 587 3113 (si
611 3071 695 3101 enirn
713 3079 898 3111 superesset,
923 3072 1072 3103 deberent
1091 3082 1148 3102 sua
1163 3072 1222 3102 sibi
1238 3071 1383 3114 restitui).
1408 3073 1471 3103 Ma-

403 3116 529 3147 nifestat
559 3122 666 3146 autem
696 3125 868 3146 commune
897 3115 1152 3147 Christianorum
1174 3123 1289 3147 votum
1319 3117 1472 3147 celebrata

404 3170 528 3201 semper
552 3159 734 3190 solemnitas
757 3160 790 3190 in
813 3160 969 3196 Romana,
993 3170 1075 3201 quae
1091 3160 1272 3191 communis
1289 3166 1344 3197 est,
1365 3161 1471 3191 Eccle-

405 3205 466 3240 sia,
491 3205 523 3235 in
551 3203 640 3234 novis
666 3203 805 3234 victoriis
835 3203 1016 3244 principum
1046 3204 1290 3235 christianorum
1317 3214 1472 3245 quorum-

405 3259 543 3290 cumque
567 3248 754 3279 bellantium
778 3248 927 3279 adversus
950 3248 1206 3279 Mahumetanos.

461 3293 602 3331 Quidam
625 3299 733 3323 autem
756 3291 898 3323 infideles
922 3302 980 3323 nec
1003 3293 1041 3323 de
1061 3293 1128 3323 iure
1152 3302 1210 3323 nec
1234 3292 1272 3322 de
1293 3291 1376 3322 facto
1399 3292 1472 3323 sub—

406 3344 479 3367 sunt
494 3337 670 3368 secundum
685 3337 895 3377 temporalem
910 3337 1163 3368 iurisdictionem
1185 3335 1379 3377 principibus
1396 3336 1473 3367 chri—

406 3381 529 3412 stianis:
565 3388 600 3411 ut
628 3381 653 3411 si
679 3381 886 3412 inveniuntur
913 3381 1027 3421 pagani
1058 3381 1113 3422 qui
1142 3390 1309 3421 nunquam
1337 3380 1472 3420 imperio

406 3426 553 3456 Romano
574 3425 689 3455 subditi
709 3425 845 3462 fuerunt,
863 3431 958 3456 terras
973 3425 1181 3457 inhabitantes
1197 3425 1230 3455 in
1250 3424 1366 3465 quibus
1391 3424 1472 3455 chri·
1509 3425 1511 3428 ⁴

406 3469 544 3500 stianum
574 3479 740 3509 nunquam
770 3469 831 3500 fuit
853 3480 982 3500 nomen.
1014 3470 1142 3501 Horum
1169 3478 1307 3510 namque
1330 3468 1470 3505 domini,

407 3514 551 3554 quamvis
579 3512 737 3550 infideles,
767 3513 897 3553 legitimi
925 3513 1047 3545 domini
1072 3521 1162 3550 sunt,
1188 3513 1252 3544 sive
1282 3513 1377 3552 regali
1407 3512 1471 3544 sive

1515 1434 1648 1475 politico
1671 1435 1825 1476 regimine
1848 1436 2082 1476 gubernentur:
2116 1447 2174 1468 nec
2197 1445 2273 1469 sunt
2298 1445 2430 1479 propter
2451 1438 2588 1472 infideli-

1517 1485 1616 1509 tatem
1639 1489 1657 1509 a
1681 1479 1825 1510 dominio
1850 1490 1985 1511 suorum
2012 1482 2141 1522 privati3
2174 1492 2249 1513 cum
2279 1482 2461 1514 dominium
2484 1483 2524 1515 sit
2551 1480 2589 1516 ex

1517 1523 1584 1554 iure
1608 1522 1757 1564 positivo,
1782 1530 1812 1555 et
1834 1523 2001 1556 infidelitas
2021 1536 2058 1556 ex
2077 1525 2184 1556 divino
2200 1526 2278 1564 iure,
2303 1527 2391 1568 quod
2414 1536 2482 1558 non
2505 1527 2591 1561 tomt

1517 1567 1568 1598 ius
1591 1567 1778 1608 positivum,
1796 1575 1838 1606 xut
1860 1569 2005 1610 superius
2028 1570 2062 1600 in
2086 1580 2140 1611 qu.
2156 1580 2176 1600 x
2191 1570 2208 1590 *
2230 1571 2376 1602 habitum
2400 1577 2456 1604 est.
2485 1572 2527 1604 Et
2549 1572 2589 1612 de

1519 1611 1568 1642 his
1589 1612 1711 1642 nullam
1727 1612 1792 1643 scio
1811 1613 1915 1653 legem
1938 1615 2047 1655 quoad
2070 1615 2266 1654 temporalia.
2291 1615 2412 1646 Contra
2434 1615 2495 1646 hos
2518 1617 2590 1648 nul-

1518 1656 1569 1686 lus
1592 1666 1653 1693 rex,
1678 1657 1785 1687 nullus
1801 1657 1982 1698 imperator,
1999 1668 2057 1690 nec
2073 1659 2213 1690 Ecclesia
2228 1660 2374 1690 Romana
2392 1666 2500 1700 potest
2517 1669 2588 1692 mo-

1519 1709 1591 1730 vere
1613 1700 1734 1731 bellum
1758 1701 1797 1732 ad
1820 1703 2022 1742 occupandas
2045 1710 2142 1734 terras
2158 1713 2271 1734 eorum
2286 1711 2341 1736 aut
2355 1703 2591 1738 subiicit-,ndum

1520 1754 1575 1774 eos
1597 1744 1828 1784 temporaliter:
1854 1746 1930 1786 quia
1952 1747 2041 1777 nulla
2064 1748 2172 1778 subest
2194 1757 2289 1779 causa
2311 1748 2386 1779 iusti
2404 1748 2489 1786 belli,
2514 1755 2589 1781 cum

1520 1788 1606 1818 Iesus
1630 1788 1786 1825 Christus,
1810 1790 1882 1821 Rex
1904 1800 2019 1831 regum
2035 1791 2062 1828 *,
2079 1792 2131 1822 cui
2153 1792 2231 1823 data
2254 1797 2300 1823 est
2323 1793 2427 1824 omnis
2444 1798 2590 1834 poteslas

1520 1833 1552 1862 in
1576 1833 1666 1863 caelo
1689 1839 1720 1864 et
1741 1833 1774 1863 in
1797 1838 1886 1864 terra
1902 1834 1928 1870 *‚
1949 1835 2068 1866 miserit
2090 1837 2130 1866 ad
2152 1836 2339 1876 capiendam
2354 1837 2591 1878 possessionem

1520 1877 1633 1908 mundi
1657 1887 1722 1908 non
1746 1877 1862 1909 milites
1885 1885 2023 1910 armatae
2040 1879 2181 1916 militiae,
2205 1881 2260 1911 sed
2283 1887 2410 1912 sanctos
2433 1882 2592 1922 praediea-

1520 1928 1615 1958 tores‚
1630 1922 1713 1953 sicut
1728 1931 1802 1953 oves
1825 1924 1910 1953 inter
1925 1924 2018 1964 lupos
2027 1923 2054 1954 *.
2079 1924 2172 1955 Unde
2188 1934 2246 1956 nec
2264 1925 2298 1955 in
2314 1925 2523 1957 Testamento
2538 1937 2592 1959 ve-

1520 1966 1588 2002 teri,
1613 1966 1667 1996 ubi
1691 1974 1809 1997 armata
1832 1977 1930 1997 manu
1955 1968 2115 2008 possessio
2139 1975 2206 1999 erat
2228 1969 2398 2010 capienda,
2421 1976 2521 2002 terrae
2542 1971 2592 2002 in-

1521 2010 1666 2041 fidelium
1694 2011 1851 2042 indictum
1879 2011 1952 2051 lego
1984 2012 2105 2043 bellurn
2132 2013 2225 2044 alicui
2255 2020 2386 2055 propter
2411 2014 2474 2045 hoc
2501 2016 2592 2056 quod

1522 2065 1588 2085 non
1612 2061 1699 2086 erant
1721 2054 1844 2085 fideles:
1874 2056 1930 2086 sed
1949 2057 2000 2087 vel
2015 2057 2090 2098 quia
2113 2057 2264 2088 nolebant
2283 2058 2356 2089 dare
2371 2059 2541 2090 transitum
2555 2059 2590 2097 *ς

1522 2099 1572 2130 vel
1594 2099 1670 2140 quia
1686 2109 1741 2130 eos
1764 2099 1970 2136 offenderant,
1987 2107 2024 2131 ut
2041 2101 2233 2132 Madianitae
2246 2101 2278 2138 *;
2303 2103 2354 2133 vel
2369 2108 2406 2133 ut
2427 2113 2592 2144 recupera-

1522 2150 1592 2174 rent
1606 2154 1672 2180 sua,
1690 2144 1796 2174 divina
1815 2143 1981 2184 largitione
1998 2155 2147 2176 concessa
2161 2146 2188 2177 *.
2213 2146 2306 2176 Unde
2321 2146 2504 2187 gravissime
2520 2158 2592 2189 pec-

1523 2197 1665 2219 caremus
1689 2188 1715 2218 si
1731 2187 1829 2218 fidem
1845 2187 1963 2219 Christi
1980 2189 2050 2220 Iesu
2075 2200 2131 2230 per
2149 2190 2231 2221 hanc
2246 2190 2331 2221 viam
2347 2191 2500 2232 ampliare
2516 2182 2592 2224 coh—

1522 2233 1741 2264 tenderemus:
1777 2242 1835 2263 nec
1866 2242 2008 2263 essemus
2040 2234 2172 2274 legitimi
2203 2234 2327 2266 domini
2356 2235 2502 2273 illorum,
2535 2237 2591 2268 sed

1522 2287 1637 2318 magna
1659 2276 1823 2307 latrocinia
1846 2277 2130 2315 committeremus,
2155 2285 2187 2309 et
2208 2285 2389 2311 teneremur
2407 2279 2448 2311 ad
2465 2277 2592 2316 resti&-

1521 2322 1663 2357 tionem,
1686 2327 1798 2361 utpote
1821 2320 1930 2352 iniusti
1958 2322 2167 2354 debellatores
2190 2330 2245 2355 aut
2268 2329 2487 2364 occupatores.
2513 2319 2592 2362 Μὴ·

1521 2365 1609 2398 tendi
1633 2372 1738 2396 essent
1760 2365 1800 2395 ad
1824 2365 1884 2396 hos
1907 2366 2140 2406 praedicatores
2163 2365 2241 2398 boni
2263 2367 2336 2405 viri,
2359 2367 2417 2409 qui
2437 2366 2592 2416 νοὼφῗεβῐ

1523 2410 1670 2450 exemplo
1695 2415 1913 2440 converterent
1936 2420 1991 2441 eos
2014 2411 2055 2441 ad
2077 2411 2197 2442 Deum:
2231 2417 2262 2442 et
2283 2422 2351 2443 non
2374 2410 2431 2454 qui
2453 2416 2529 2444 eos‘

1522 2455 1671 2495 primant,
1695 2453 1843 2494 spolient,
1860 2454 2080 2491 scandalizent,
2097 2454 2274 2491 subiiciunt,
2299 2463 2330 2487 et
2351 2456 2450 2498 duplo
2471 2457 2593 2499 gelten-

1523 2509 1585 2530 nae
1605 2498 1691 2536 filios
1705 2497 1848 2539 faciant,
1871 2507 1962 2528 more
1984 2498 2226 2530 Pharisaeorum
2241 2499 2268 2531 ⁴¹.

1578 2543 1617 2573 11.
1641 2541 1734 2573 Circa
1755 2542 1934 2572 secundum
1957 2542 2079 2574 dictum
2105 2543 2245 2580 litterae,
2270 2543 2389 2575 scilicet
2417 2545 2508 2585 quod
2532 2545 2592 2577 hu-

1521 2586 1663 2618 iusmodi
1685 2596 1735 2616 res
1756 2585 1936 2618 infidelium
1958 2596 2024 2617 non
2044 2595 2182 2627 possunt
2204 2588 2325 2628 privata
2344 2589 2531 2621 auctoritate
2552 2589 2592 2622 nb

1523 2631 1567 2662 eis
1590 2630 1707 2661 auferri
1721 2630 1754 2666 *,
1779 2629 1912 2661 dubium
1938 2631 2090 2668 occurrit,
2115 2642 2156 2662 an
2178 2631 2270 2663 liceat
2297 2632 2505 2665 christianum
2526 2643 2591 2665 ser-
2616 2640 2627 2651 ⁸

1523 2685 1601 2706 vum
1616 2673 1751 2705 infidelis
1774 2673 1870 2705 furari
1892 2674 1943 2705 vel
1965 2685 2084 2715 rapere.
2108 2676 2150 2707 Et
2171 2682 2218 2706 est
2233 2685 2338 2707 sermo
2358 2677 2396 2708 de
2411 2676 2592 2710 infidelibus

1523 2719 1579 2761 qui
1609 2719 1647 2749 de
1678 2718 1761 2749 facto
1793 2728 1859 2748 non
1882 2719 2018 2750 subsunt
2039 2719 2236 2760 principibus
2262 2719 2447 2752 christianis.
2477 2721 2519 2753 Et
2546 2727 2592 2753 est

1523 2764 1602 2795 ratio
1618 2763 1707 2794 dubii
1724 2762 1799 2803 quia
1814 2762 1907 2794 multi
1922 2762 2033 2794 dicunt
2048 2764 2137 2804 quod
2155 2764 2219 2795 sic:
2245 2773 2284 2795 eo
2301 2765 2377 2805 quia
2391 2764 2528 2797 infidelis
2540 2765 2592 2796 ⁴in-

1523 2808 1605 2839 iuste
1619 2817 1694 2838 eum
1710 2807 1838 2844 detinet,
1852 2813 1887 2838 ut
1902 2813 1988 2847 patet
2004 2817 2060 2848 per
2074 2808 2143 2839 iura
2159 2808 2262 2839 civilia
2273 2808 2291 2828 *
2305 2815 2337 2840 et
2351 2809 2504 2841 canonica
2515 2809 2561 2841 *ἱ
2572 2827 2591 2834 -
2616 2813 2627 2824 ·

1523 2851 1587 2883 Alii
1609 2861 1684 2882 vero
1709 2851 1908 2891 distinguunt
1930 2852 1969 2882 de
1993 2858 2138 2892 tempore
2160 2852 2246 2890 belli,
2262 2859 2320 2886 etc.

1579 2896 1627 2926 Ex
1649 2895 1739 2926 dictis
1754 2895 1772 2915 *
1787 2902 1895 2926 autem
1909 2901 1997 2936 patet
2010 2897 2100 2938 quod
2123 2897 2251 2938 publica
2265 2897 2451 2929 auctoritate
2466 2897 2592 2934 licitum

1525 2947 1571 2971 est
1600 2947 1631 2971 et
1657 2950 1714 2980 per
1736 2940 1873 2970 modum
1897 2939 1972 2971 furti
1995 2947 2026 2971 et
2048 2940 2191 2981 rapinae:
2223 2941 2304 2973 sicut
2327 2941 2449 2972 bellum
2470 2941 2523 2973 vel
2543 2941 2591 2975 in-
2615 2947 2627 2959 ⁸

1524 2984 1621 3015 sidiae
1651 2990 1760 3015 contra
1789 2983 1932 3015 infideles
1961 2984 2066 3016 licent.
2098 2985 2223 3016 Privata
2249 2995 2324 3016 vero
2353 2984 2592 3026 opportunitate

1523 3037 1671 3060 concessa
1694 3027 1798 3064 alicui,
1823 3028 1898 3069 quia
1916 3027 2040 3059 licitum
2056 3035 2103 3059 est
2125 3028 2273 3060 adiuvare
2295 3029 2392 3060 talem
2407 3038 2535 3061 servum
2550 3030 2591 3062 ιδ

1523 3073 1573 3103 sui
1595 3072 1772 3103 libertatem
1794 3071 2027 3110 vindicandam,
2051 3072 2119 3114 qui,
2143 3079 2256 3114 utpote
2278 3073 2395 3105 iniuste
2419 3080 2591 3116 oppreuut

1524 3117 1556 3147 in
1579 3117 1738 3152 libertate,
1761 3116 1856 3148 habet
1878 3116 2000 3147 iustum
2022 3117 2144 3148 bellum
2169 3124 2279 3148 contra
2301 3117 2591 3152 infidelem-domi·

1525 3171 1619 3196 num,
1645 3166 1750 3200 potest
1773 3167 1803 3191 et
1831 3160 1923 3191 debet
1946 3171 2043 3200 opem
2067 3161 2146 3192 ferre
2170 3162 2224 3192 tali
2247 3172 2353 3199 servo,
2378 3162 2444 3193 sive
2466 3162 2591 3196 occulte

1524 3214 1581 3244 per
1600 3204 1736 3235 modum
1758 3203 1844 3241 furti,
1869 3204 1933 3235 sive
1949 3204 2115 3236 manifeste
2139 3215 2196 3245 per
2212 3206 2349 3237 modum
2367 3205 2505 3247 rapinae.
2523 3206 2590 3238 Nee

1526 3247 1686 3288 distinguo
1709 3248 1790 3278 inter
1811 3254 1938 3289 tempus
1961 3249 2034 3280 belli
2058 3255 2090 3280 et
2112 3250 2215 3290 pacis:
2239 3250 2315 3291 quia
2338 3260 2375 3281 ex
2396 3250 2459 3281 hoc
2478 3250 2590 3291 capite,

1525 3292 1643 3323 scilicet
1666 3301 1703 3322 ex
1725 3298 1813 3332 parte
1833 3292 1980 3324 adiutorii
2000 3293 2039 3323 ad
2058 3293 2279 3325 liberationem
2294 3294 2338 3325 sic
2354 3293 2506 3335 oppressi,
2523 3303 2590 3325 non

1526 3342 1654 3376 oportet
1676 3336 1883 3376 distinguere;
1907 3337 2063 3378 quoniam
2086 3348 2258 3379 oppressus
2281 3338 2377 3369 habet
2399 3338 2591 3369 continuum

1526 3381 1646 3412 bellum
1668 3380 1788 3412 iustum
1813 3391 1887 3411 cum
1911 3381 2083 3413 detentore.
2112 3383 2178 3414 Nec
2201 3389 2328 3423 oportet
2349 3382 2512 3422 publicam
2534 3392 2591 3414 au—

1526 3425 1703 3456 ctoritatem
1725 3424 1814 3456 aliter
1836 3425 1887 3456 hic
1910 3435 2060 3466 quaerere
2083 3437 2182 3467 quam
2197 3427 2287 3468 quod
2310 3426 2371 3457 vim
2388 3427 2420 3457 vi
2435 3426 2590 3467 repellere

1526 3470 1598 3500 licet
1618 3479 1689 3500 cum
1714 3469 1933 3500 moderamine
1949 3471 2131 3511 inculpatae
2153 3470 2272 3501 tutelae
2287 3469 2319 3500 *ε
2345 3470 2418 3501 satis
2434 3470 2520 3501 enim
2543 3471 2589 3501 in-

1525 3514 1650 3554 culpata
1675 3520 1720 3544 est
1743 3514 1839 3545 tutela
1863 3515 2009 3555 quando,
2033 3524 2093 3554 pro
2115 3514 2256 3546 libertate
2280 3513 2449 3545 Christiani
2473 3514 2589 3546 iniuste

2606 868 2615 878 ⁸
2631 867 2689 894 Cap.
2704 872 2736 889 tv.

2606 1026 2616 1037 ⁸
2631 1025 2699 1047 Vera.
2714 1030 2750 1052 27.

2613 1578 2624 1590 ⁸
2637 1579 2688 1601 An.
2702 1584 2735 1600 to.

2853 1686 2860 1818 2———00-
2855 1658 2860 1680 -.
2853 1575 2860 1651 ,ῥύμη
2855 1560 2860 1567 t
2855 1515 2860 1552 a*
2856 1470 2860 1506 „-„.

2614 1803 2826 1859 :matra

2613 1846 2727 1906 Fati:
2747 1888 2775 1905 α.
2793 1897 2800 1905 .
2854 1873 2860 1907 ³.

2614 1915 2782 1964 {mma
2793 1925 2828 1963 ξ,

2615 1967 2678 1984 ven.
2698 1962 2723 1985 16
2735 1969 2742 1989 ς
2770 1962 2828 1985 Luc.

2614 1994 2668 2017 etp.
2681 1994 2706 2017 ι,
2719 1994 2781 2011 ven.
2793 1995 2815 2018 3.

2616 2066 2626 2076 ’
2636 2065 2704 2091 Nm.
2717 2072 2768 2094 σιμ.
2777 2072 2829 2105 ιιιζ

2615 2098 2686 2170 'e-a:

2617 2171 2828 2200 ’Nune-paxu.

2615 2197 2713 2224 ’lamen
2731 2205 2751 2220 ,ι
2767 2204 2827 2221 ven.

2616 2231 2629 2250 ι
2638 2230 2703 2254 nqq.;
2725 2214 2766 2248 ud.
2775 2230 2818 2253 cap

2615 2257 2650 2279 u,
2662 2258 2722 2274 ven.
2738 2257 2759 2274 ιε
2776 2257 2830 2280 sqq·

2615 3476 2626 3488 ’
2633 3476 2692 3504 Cap.
2699 3475 2827 3505 Stenae&

2615 3503 2662 3552 :a
2674 3502 2715 3551 ‚2¹5
2723 3502 2826 3551 ἐξ*
