2860 4244
175 1614 183 1623 ·
200 1612 245 1639 Ωιι,
267 1612 340 1640 1'sqq.

175 1659 240 1681 'Loc.
247 1659 285 1680 cit.
291 1659 315 1680 in
320 1665 385 1686 corp.

176 1749 183 1756 ⁴
199 1747 248 1769 Cic.
264 1747 299 1769 De
318 1747 383 1775 Offic.

175 1774 385 1801 nb.1n‚cap.xx11.

418 256 495 292 244
1014 240 1280 287 QUAESTIO
1311 239 1557 285 LXXXVIII,
1586 239 1882 276 ARTICULUS
1913 239 1961 275 III

415 324 502 360 beat
527 330 745 372 promptam
765 322 1000 357 voluntatem
1022 318 1182 355 faciendi
1203 317 1307 365 quod
1336 323 1471 365 potest.
1499 315 1501 367 Ῑ
1528 323 1737 364 rumpatur,
1758 329 1836 354 non
1861 317 1986 354 solum
2006 316 2120 353 debet
2147 327 2299 352 servare
2319 316 2425 364 quod
2452 324 2587 365 potest,

414 376 525 413 Unde
554 376 612 412 ille
639 375 702 423 qui
728 374 835 410 vovit
855 372 1127 409 monasterium
1158 369 1311 418 aliquod
1337 369 1474 406 intrare
1499 371 1501 426 i
1528 369 1667 405 scilicet
1688 378 1914 418 perpetuam
1937 368 2220 415 continentiam,
2241 369 2308 405 sed
2338 368 2449 405 etiam
2469 369 2517 406 de
2541 381 2588 406 eo

415 430 527 466 debet
564 429 653 464 dare
686 439 844 474 operam
878 437 994 472 quam
1014 429 1029 450 Υ
1058 430 1181 472 potest
1217 430 1257 458 ut
1294 421 1344 458 ibi
1383 421 1474 458 reci·
1499 428 1501 472 ξ
1528 421 1633 469 quod
1662 422 1813 459 admisit
1839 421 2036 471 peccando
2065 421 2271 470 poenitere.

412 482 546 530 piatur.
581 481 630 516 Et
667 480 696 516 si
733 478 887 526 quidem
920 476 1076 513 intentio
1113 488 1182 512 sua
1209 474 1277 512 fuit
1311 486 1352 511 se
1382 473 1501 524 obli-l
1580 476 1640 510 An
1667 485 1827 512 TERTtUM
1865 486 2049 512 DICENDUM
2083 474 2190 523 quod
2225 473 2402 522 obligatio
2431 473 2511 511 voti
2543 486 2589 511 ex

413 546 500 581 gare
529 533 577 569 ad
606 531 792 579 religionis
821 531 1032 577 ingressum
1066 528 1334 577 principaliter,
1366 535 1401 564 et
1428 540 1473 564 ex
1498 526 1500 576 j
1526 527 1680 575 propria
1707 528 1902 565 voluntate
1939 535 1974 564 et
2001 526 2209 564 intentione
2248 534 2443 564 causatur:
2485 526 2587 564 unde

414 585 658 633 consequenti
689 583 798 631 elegit
825 584 924 619 hanc
950 581 1171 629 religionem
1197 581 1260 617 vel
1288 582 1392 617 hunc
1419 581 1473 617 lo—
1498 580 1500 594 '
1526 579 1661 616 dicitur
1679 581 1789 617 Deut.
1810 592 1894 617 xxm
1914 580 1954 617 *τ
1987 581 2098 622 Quod
2121 581 2237 618 semel
2253 591 2447 630 egressum
2474 585 2530 616 est
2544 580 2590 616 de

413 649 500 674 curn
536 637 643 685 quasi
677 636 746 673 sibi
781 636 901 683 magis
930 641 1223 682 congruentem,
1253 641 1412 681 tenetur,
1443 634 1472 670 si
1498 635 1500 681 l
1526 633 1634 669 labiis
1662 633 1752 678 tuis,
1786 633 2021 670 observabis.-
2058 640 2095 670 et
2111 635 2239 682 facies
2269 634 2365 670 sicut
2383 633 2592 681 promisisti

412 703 488 727 non
518 697 643 738 potest
670 689 720 725 ibi
750 688 883 736 recipi,
913 688 1026 724 aliam
1065 686 1286 735 religionem
1322 686 1471 723 intrare.
1498 682 1500 742 ζ
1526 685 1692 722 Domino
1720 685 1804 722 Deo
1833 691 1908 732 tuo,
1938 692 1975 722 et
1992 687 2152 736 propria
2179 687 2369 724 voluntate
2387 691 2424 722 et
2441 697 2508 722 ore
2526 691 2588 723 tuo

413 743 452 780 Si
470 750 599 779 autem
618 741 871 790 principaliter
890 740 1050 778 intendit
1068 752 1108 777 se
1125 740 1292 788 obligare
1307 740 1355 777 ad
1374 740 1472 776 hanc
1498 746 1500 773 ὲ
1526 738 1669 775 locutus
1697 749 1746 774 ες.
1777 739 1825 775 Et
1852 737 1941 775 ideo
1970 738 2001 775 si
2028 738 2068 776 in
2097 738 2305 778 intentione
2334 746 2371 776 et
2392 739 2589 776 voluntate

412 795 631 843 religionem
651 795 713 831 vel
733 794 781 831 ad
802 795 903 831 hunc
922 795 1063 840 locum,
1084 801 1241 842 propter
1267 792 1471 841 specialem
1498 778 1499 821 l
1525 790 1702 829 voventis
1741 798 1796 828 est
1823 790 1991 839 obligare
2028 804 2070 829 se
2097 793 2146 829 ad
2185 793 2309 830 statim
2347 792 2588 837 solvendum,

411 847 727 896 complacentiam
750 847 861 884 huius
886 847 1075 894 religionis
1088 847 1151 883 vel
1170 845 1254 892 loci,
1272 858 1351 882 non
1370 853 1472 882 tene·
1526 852 1674 881 tenetur
1694 843 1818 880 statim
1848 844 2008 891 solvere.
2040 844 2079 881 Si
2100 852 2228 882 autern
2255 846 2304 882 ad
2331 852 2476 882 certum
2496 852 2590 882 tem-

410 909 469 937 tur
496 901 606 937 aliam
636 900 855 948 religionem
886 900 1022 937 intrare
1051 899 1082 936 si
1110 899 1160 936 illi
1186 911 1273 936 eum
1303 898 1472 948 recipere
1498 920 1500 941 ;
1525 910 1609 947 pus,
1630 897 1692 934 vel
1721 897 1792 933 sub
1813 903 1913 933 certa
1943 896 2172 944 conditione,
2194 909 2272 935 non
2296 905 2444 935 tenetur
2463 897 2589 934 statim

412 954 556 991 nolunt.
1498 944 1500 979 l
1527 951 1688 988 solvere.
1733 950 1808 987 Sed
1838 961 1909 986 nec
1938 949 2052 987 debet
2078 950 2226 988 tardare
2265 952 2358 989 ultra
2386 951 2502 999 quam
2537 949 2591 987 in-

465 1007 504 1044 Si
532 1019 626 1044 vero
655 1006 786 1044 incidit
817 1006 855 1043 in
884 1005 1226 1055 impossibilitatem
1259 1004 1442 1054 implendi
1460 1001 1472 1025 ²⁵
1498 982 1500 1061 l
1527 1003 1645 1040 tendit
1673 1015 1713 1040 se
1742 1003 1930 1051 obligare:
1961 1002 2096 1040 dicitur
2124 1002 2226 1040 enim
2259 999 2402 1041 ibidem
2419 1002 2461 1039 *ε
2495 1003 2590 1040 Cum

410 1068 544 1096 votum
575 1072 619 1096 ex
648 1059 800 1108 propria
820 1060 941 1108 culpa,
962 1066 1110 1095 tenetur
1138 1058 1292 1106 insuper
1312 1057 1359 1094 de
1386 1069 1473 1106 pro·
1499 1063 1500 1111 l
1526 1063 1654 1094 votum
1673 1057 1822 1093 voveris
1840 1056 2006 1093 Domino
2025 1057 2109 1093 Deo
2128 1062 2203 1102 tuo,
2224 1067 2299 1094 non
2323 1055 2491 1093 tardabis
2508 1056 2591 1092 red-

411 1113 492 1161 pria
521 1113 630 1162 culpa
657 1113 858 1161 praeterita
894 1111 1166 1161 poenitentiam
1205 1122 1327 1158 agere.
1369 1110 1473 1146 Sicut
1498 1115 1500 1156 j
1526 1110 1637 1146 dere.-
1666 1109 1755 1157 quia
1784 1109 1949 1158 requiret
1974 1109 2067 1146 illud
2082 1110 2271 1147 Dominus
2298 1110 2402 1146 Deus
2430 1114 2532 1152 tuus‚·
2555 1114 2595 1144 et

411 1166 548 1203 mulier
576 1179 673 1215 quae
706 1166 814 1203 vovit
846 1165 1115 1213 virginitatem,
1155 1163 1185 1200 si
1221 1170 1355 1212 postea
1392 1174 1473 1199 cor·
1498 1167 1500 1209 ξ
1526 1163 1561 1198 si
1591 1167 1762 1199 moratus
1777 1162 1926 1210 fueris,
1957 1163 2190 1211 reputabitur
2221 1163 2287 1199 tihi
2320 1163 2357 1198 in
2381 1166 2589 1214 peccatum.

463 1299 489 1331 γ)
510 1305 597 1330 quam.
612 1311 631 1317 -
649 1298 806 1330 inquantum
825 1305 851 1327 a,
871 1300 1000 1329 quantum
1020 1297 1048 1321 P.
1582 1291 1607 1325 ὃ)
1628 1293 1796 1325 implendi·
1813 1293 1924 1325 implens
1948 1293 2078 1326 BELpFK
2097 1299 2122 1318 et
2140 1301 2166 1324 x,
2187 1301 2238 1318 non
2259 1294 2370 1325 implens
2387 1294 2419 1324 A,
2438 1293 2529 1318 abrasa
2546 1293 2594 1326 pC.

1091 1387 1423 1419 Commentario.
1446 1385 1696 1418 cardinalis
1719 1384 1920 1418 Caietam

442 1487 460 1507 N
489 1477 622 1507 articulo
652 1476 744 1507 tertio
775 1475 969 1516 quaestionis
1002 1474 1361 1515 octogesimaeoctavae,
1395 1479 1471 1503 nota

415 1490 530 1562 Iquod
542 1521 630 1562 fides
660 1521 693 1550 in
717 1519 830 1550 morali
861 1519 1039 1559 theologiae
1064 1518 1207 1549 doctrina
1231 1517 1398 1558 dupliciter
1421 1527 1472 1547 su—

1526 1472 1661 1503 faciendi
1692 1473 1782 1513 quod
1809 1479 1923 1513 potest.
1965 1472 2100 1503 Constat
2131 1477 2237 1502 autem
2261 1471 2350 1512 quod
2379 1476 2485 1511 potest
2515 1479 2592 1502 con-

1526 1517 1633 1547 tinere.
1658 1517 1743 1557 Ergo
1767 1523 1891 1548 tenetur
1914 1517 2085 1547 continere.

411 1565 517 1596 mitur.
542 1565 660 1601 Primo,
684 1574 743 1604 pro
767 1564 882 1594 virtute
905 1563 1094 1603 theologali:
1119 1563 1158 1593 de
1174 1572 1237 1603 qua
1260 1562 1292 1592 in
1315 1561 1472 1602 principio

411 1610 505 1640 huius
526 1608 645 1640 Libri*
666 1615 834 1639 tractatum
851 1614 905 1638 est.
922 1625 943 1631 —
966 1607 1124 1644 Secundo,
1141 1617 1199 1647 pro
1214 1606 1329 1637 virtute
1349 1605 1472 1642 morali,

412 1664 486 1695 qua,
504 1660 540 1684 ut
555 1653 763 1693 Augustinus,
780 1662 817 1683 ex
833 1652 987 1683 Cicerone
1006 1652 1039 1682 in
1056 1652 1098 1683 IV
1120 1651 1160 1682 de
1174 1651 1307 1691 Repub„
1328 1650 1432 1690 inquit
1445 1649 1472 1686 *,

402 1699 494 1740 fiunt
516 1698 612 1735 dicta,
636 1707 692 1728 seu
715 1696 871 1737 pollicita;
896 1705 977 1737 quae
999 1696 1097 1727 decus
1118 1701 1166 1727 est
1184 1696 1368 1735 principum
1375 1701 1388 1732 ,·
1410 1703 1474 1734 qua

413 1744 507 1774 etiam
531 1743 613 1772 hosti
634 1746 785 1773 servatur
806 1740 891 1781 quod
905 1741 1024 1771 dictum
1048 1745 1095 1771 est
1109 1739 1135 1771 *.
1167 1740 1208 1770 Et
1231 1740 1268 1769 de
1292 1739 1350 1769 hac
1373 1738 1472 1768 modo

413 1794 459 1818 est
482 1796 596 1822 sermo,
617 1795 691 1816 cum
714 1785 821 1815 fideles
841 1791 895 1815 aut
918 1784 1059 1814 infideles
1078 1785 1110 1814 in
1126 1782 1392 1824 promissionibus
1411 1792 1474 1812 ser-

412 1830 523 1861 vandis
547 1830 690 1860 dicimus.

468 1875 503 1905 In
527 1875 640 1905 eodem
663 1874 754 1904 tertio
779 1873 929 1911 articulo,
952 1873 985 1902 in
1015 1871 1222 1912 responsione
1245 1871 1285 1901 ad
1315 1869 1473 1910 primum,

414 1929 487 1950 cave
511 1928 550 1948 ne
573 1918 696 1954 fallaris,
721 1917 861 1948 nesciens
885 1927 981 1947 usum
996 1916 1228 1946 vocabulorum
1251 1914 1337 1954 apud
1355 1917 1473 1945 Aucto-
1500 1909 1502 1923 '¹

413 1973 489 1997 rem.
515 1969 544 1993 et
568 1969 660 2002 putes
684 1962 771 2002 quod
802 1961 935 2001 simplex
959 1959 1129 2000 promissio
1153 1959 1272 1999 obliget
1300 1958 1474 1989 secundum

412 2007 624 2044 honestatem,
649 2006 710 2036 hoc
734 2012 779 2036 est
806 2006 1052 2045 congruitatem.
1080 2004 1177 2034 Error
1200 2010 1245 2033 est
1268 2003 1336 2033 iste.
1371 2002 1476 2033 Utitur

413 2051 570 2091 siquidem
593 2053 715 2080 Auctor
737 2049 909 2080 honestatis
933 2049 1064 2079 nomine
1081 2054 1190 2079 contra
1214 2047 1316 2087 legem
1341 2046 1475 2077 exterius

413 2094 605 2131 coactivam,
630 2101 665 2124 ut
687 2100 773 2134 patet
803 2093 948 2134 superius
976 2093 1009 2123 in
1033 2103 1086 2134 qu.
1111 2102 1200 2122 Lxxx.
1228 2090 1365 2122 Intendit
1387 2101 1475 2121 nam-

412 2149 475 2179 que
497 2140 618 2168 Auctor
642 2138 730 2179 quod
759 2138 901 2168 debitum
925 2143 971 2167 est
994 2137 1124 2177 duplex:
1157 2135 1264 2171 civile,
1290 2141 1320 2166 et
1343 2135 1474 2165 morale.

412 2183 454 2213 Et
476 2182 537 2213 hoc
559 2189 652 2213 vocat
682 2182 743 2212 alio
767 2181 897 2212 nomine
922 2180 1064 2212 debitum
1088 2191 1125 2211 ex
1147 2180 1321 2210 honestate.
1351 2179 1392 2210 Et
1413 2178 1476 2210 hoc

413 2227 532 2258 morale
555 2236 610 2257 seu
634 2236 671 2257 ex
693 2227 857 2257 honestate
880 2225 1022 2256 debitum
1046 2224 1257 2256 subdividitur
1277 2223 1310 2254 in
1331 2223 1475 2254 debiturn

383 2306 386 2312 Ι
413 2271 532 2302 morale
556 2271 622 2301 sine
641 2280 707 2311 quo
731 2270 879 2301 honestas
903 2280 1033 2300 morum
1055 2268 1170 2300 servari
1193 2268 1314 2308 nequit,
1339 2274 1369 2298 et
1387 2268 1476 2308 quod

178 2587 187 2597 ⁸
197 2586 328 2608 Comment-
338 2592 361 2608 n.
370 2592 386 2608 1.

180 2672 189 2681 ⁵
205 2670 253 2698 Qu.
273 2676 288 2697 1,
310 2673 351 2692 art.
371 2676 387 2696 ι,

180 2698 223 2725 qu²³¹
239 2703 254 2718 r.

185 3326 192 3333 ·
209 3325 244 3347 cf.
259 3329 308 3347 not.
323 3325 344 3354 β.

414 2322 460 2346 est
484 2322 612 2355 propter
635 2315 758 2351 melius,
784 2322 819 2345 ut
842 2321 927 2355 patet
949 2314 1002 2344 ibi.
1027 2314 1075 2344 Ex
1097 2314 1159 2343 hoc
1182 2312 1277 2352 igitur
1293 2312 1381 2352 quod
1401 2311 1475 2342 sim-

414 2359 485 2400 plex
508 2359 676 2399 promissio
693 2359 812 2399 obligat
835 2368 872 2389 ex
895 2358 1067 2389 honestatis
1089 2357 1206 2393 debito,
1231 2356 1370 2396 intellige
1387 2356 1476 2397 quod

414 2403 532 2443 obligat
555 2404 731 2434 secundum
751 2403 893 2433 debitum
912 2402 1041 2439 morale,
1062 2402 1151 2443 quod
1174 2407 1293 2441 spectat
1311 2400 1350 2430 ad
1369 2399 1476 2430 forum

414 2447 622 2478 conscientiae
654 2446 752 2490 (unde
783 2454 814 2477 et
845 2447 878 2477 in
908 2446 1009 2477 littera
1037 2446 1152 2476 dicitur
1174 2445 1263 2486 quod
1293 2443 1412 2484 obligat
1439 2453 1477 2474 ex

414 2489 547 2522 naturali
570 2490 668 2533 iure):
698 2491 844 2531 quamvis
868 2501 934 2521 non
958 2490 1059 2530 possit
1082 2490 1213 2520 civiliter
1235 2488 1321 2528 cogi,
1345 2487 1407 2518 hoc
1430 2495 1476 2518 est

414 2546 432 2566 a
455 2535 557 2566 iudice
577 2536 728 2566 damnari.
753 2536 793 2566 Et
817 2545 853 2565 ex
872 2535 919 2565 his
943 2541 1029 2574 patet
1053 2534 1229 2564 doctrinam
1248 2533 1280 2563 in
1300 2532 1405 2572 primo
1429 2542 1476 2562 ar-

414 2579 512 2610 ticulo
528 2579 545 2599 *
559 2580 705 2610 traditam
724 2580 763 2610 de
779 2578 972 2619 obligatione
991 2578 1142 2618 simplicis
1167 2576 1387 2618 promissionis
1410 2586 1476 2606 esse

415 2634 590 2655 consonam
613 2623 754 2654 Auctori.

471 2668 606 2698 Adverte
636 2677 767 2708 quoque
797 2672 955 2707 quantum
983 2676 1000 2695 a
1024 2665 1129 2706 seipso
1160 2665 1192 2695 in
1225 2674 1338 2695 xxxvm
1369 2664 1439 2695 dist.
1461 2663 1479 2682 *

416 2712 458 2742 lv
478 2712 563 2742 Sent.
589 2711 708 2742 differat
729 2713 851 2742 Auctor
873 2710 933 2747 hic,
958 2710 1047 2746 dum,
1064 2709 1156 2740 altius
1180 2715 1325 2740 naturam
1347 2708 1478 2749 vimque

416 2756 634 2796 promissionis
664 2755 913 2795 contemplatus,
938 2764 976 2784 ex
1003 2754 1073 2794 ipsa
1095 2754 1160 2784 vim
1193 2752 1415 2793 obligatoriam
1437 2752 1478 2782 ad

415 2801 520 2831 Deum
543 2800 661 2831 intulit.

474 2844 511 2874 11.
526 2844 560 2874 In
576 2843 781 2884 responsione
797 2843 836 2873 ad
853 2843 1029 2874 secundum
1044 2842 1078 2872 in
1095 2842 1209 2872 eodem
1225 2840 1316 2872 tertio
1333 2840 1476 2876 articulo,

417 2888 551 2918 dubium
574 2888 718 2924 occurrit,
743 2898 783 2917 an
807 2887 859 2917 ille
876 2887 932 2928 qui
949 2886 1037 2917 vovit
1059 2886 1140 2916 hanc
1163 2884 1349 2924 religionem
1368 2883 1401 2914 in
1417 2884 1478 2915 hoc

417 2931 609 2962 monasterio
633 2931 837 2962 determinate
861 2938 891 2961 et
914 2930 1141 2971 principaliter,
1167 2936 1197 2960 et
1220 2928 1286 2959 sine
1315 2938 1372 2959 sua
1395 2938 1479 2958 nova

418 2975 511 3015 culpa
546 2975 690 3015 repulsus
721 2982 782 3011 est,
814 2981 957 3005 teneatur
989 2983 1110 3004 servare
1141 2973 1324 3004 castitatem.
1362 2972 1403 3003 Et
1432 2979 1479 3002 est

419 3018 497 3050 ratio
522 3018 609 3049 dubii
633 3019 708 3059 quia
730 3019 763 3048 in
778 3025 855 3049 voto
879 3018 1049 3058 religionis,
1067 3018 1161 3048 etiam
1185 3017 1291 3053 huius,
1306 3016 1479 3047 includitur

418 3069 531 3093 votum
554 3062 776 3093 continentiae.
799 3065 847 3092 Ac
862 3072 917 3102 per
935 3062 1007 3098 hoc,
1032 3061 1057 3091 si
1081 3071 1147 3092 non
1163 3067 1268 3101 potest
1286 3069 1407 3091 servare
1422 3069 1477 3090 vo-

419 3114 488 3137 tum
511 3106 680 3146 religionis,
697 3106 772 3146 quia
794 3105 856 3136 hoc
877 3115 943 3136 non
966 3111 1012 3135 est
1036 3105 1068 3135 in
1087 3111 1242 3146 potestate
1265 3114 1331 3140 sua,
1355 3110 1479 3136 tenetur

419 3160 540 3181 servare
558 3156 672 3180 votum
695 3149 915 3185 continentiae,
932 3149 1007 3189 quia
1030 3148 1090 3179 hoc
1113 3155 1160 3179 est
1181 3148 1214 3178 in
1237 3154 1391 3188 potestate
1406 3157 1478 3178 sua:

419 3194 500 3225 sicut
532 3193 645 3224 dicitur
674 3194 708 3223 in
730 3193 831 3224 littera
855 3193 893 3223 de
924 3202 959 3222 ea
986 3201 1068 3232 quae
1082 3192 1179 3234 >vovit
1207 3191 1418 3231 virginitatem
1449 3198 1480 3222 et

419 3238 629 3279 postmodum
644 3244 691 3268 est
706 3244 862 3277 corrupta,
879 3236 967 3277 quod
984 3241 1110 3267 tenetur
1124 3245 1256 3266 seruare
1270 3235 1355 3275 quod
1363 3240 1478 3275 potest,

419 3283 539 3313 scilicet
561 3283 797 3313 continentiam.
814 3298 836 3304 -
858 3280 900 3312 Et
915 3279 1130 3311 confirmatur.
1155 3279 1239 3316 Quia
1262 3279 1295 3309 in
1315 3278 1418 3310 littera
1433 3278 1479 3309 di-

421 3326 500 3357 citur
523 3326 611 3367 quod
633 3327 662 3356 si
684 3325 765 3356 illud
782 3325 867 3365 quod
888 3325 959 3365 quis
982 3324 1065 3355 vovit
1090 3333 1131 3354 ex
1150 3332 1350 3364 quacumque
1371 3323 1438 3354 alia
1451 3322 1478 3359 *,

421 3370 482 3400 hoc
506 3376 552 3400 est
574 3379 640 3400 non
664 3369 828 3410 culpabili,
853 3378 952 3399 causa
983 3367 1172 3408 impossibile
1194 3366 1367 3404 reddatur,
1391 3366 1481 3399 debet

421 3414 512 3444 homo
527 3413 645 3454 facere
662 3413 747 3454 quod
769 3414 801 3443 in
827 3422 862 3443 se
881 3417 943 3443 est:
969 3417 1005 3442 ut
1026 3412 1139 3442 saltem
1162 3411 1276 3442 habeat
1294 3415 1478 3452 promptam

422 3458 615 3488 voluntatem
623 3457 772 3498 faciendi
784 3456 868 3497 quod
877 3461 992 3496 potest.
1017 3455 1077 3485 Iste
1092 3455 1187 3495 igitur
1202 3454 1258 3495 qui
1274 3453 1317 3484 sic
1334 3454 1480 3494 repulsus

422 3508 481 3538 est,
506 3511 543 3532 ex
566 3511 631 3542 quo
655 3501 764 3540 religio
788 3510 885 3541 quarn
914 3500 1001 3530 vovit
1024 3499 1104 3530 facta
1127 3505 1174 3529 est
1195 3498 1254 3529 sibi
1276 3497 1481 3538 impossibilis

423 3556 459 3576 ex
482 3545 616 3576 aliorum
639 3545 810 3580 voluntate,
828 3544 920 3574 debet
942 3544 1056 3574 habere
1079 3549 1261 3584 promptam
1282 3542 1480 3572 voluntatem

1584 1561 1617 1591 In
1643 1561 1831 1601 oppositum
1854 1568 1963 1592 autern
1985 1567 2032 1591 est
2047 1561 2122 1601 quia
2139 1570 2213 1590 cum
2229 1559 2301 1600 quis
2318 1565 2415 1590 vovet
2435 1559 2526 1600 quod
2548 1565 2594 1590 eet

1526 1605 1559 1635 in
1583 1605 1710 1636 alterius
1729 1611 1894 1645 potestate,
1919 1605 1944 1635 si
1959 1605 2013 1635 ille
2035 1605 2068 1635 in
2088 1604 2178 1635 cuius
2194 1611 2239 1634 est
2255 1609 2411 1644 potestate
2429 1612 2496 1634 non
2513 1603 2592 1640 vult,

1526 1659 1646 1680 vovens
1670 1655 1716 1680 est
1746 1649 1910 1680 absolutus
1934 1650 2005 1690 ipso
2030 1648 2129 1679 facto:
2161 1655 2314 1689 tanquam
2342 1654 2456 1678 votum
2484 1646 2594 1678 condi-

1526 1693 1686 1724 tionaliter
1701 1693 1821 1724 factum
1837 1703 1903 1724 non
1919 1700 2042 1724 extante
2057 1692 2250 1724 conditione.
2268 1692 2329 1723 Sed
2345 1692 2408 1723 hoc
2423 1698 2471 1722 est
2484 1691 2593 1722 huius-

1500 1742 1501 1747 ’
1527 1738 1627 1768 modi.
1650 1737 1745 1777 Ergo.
1761 1755 1782 1761 -
1806 1738 1847 1768 Et
1868 1737 2082 1768 confirmatur.
2107 1737 2191 1775 Quia
2215 1737 2426 1767 accessorium
2449 1737 2595 1776 sequitur

1528 1787 1678 1813 naturam
1697 1783 1889 1822 principalis
1903 1782 1929 1813 *.
1956 1781 2159 1812 Continentia
2174 1787 2280 1811 autem
2300 1780 2472 1811 accessoria
2489 1786 2536 1811 est
2554 1780 2594 1811 ad

1500 1831 1502 1851 ἰ
1528 1826 1724 1866 religionem.
1757 1826 1789 1857 Si
1819 1836 1894 1866 ergo
1927 1826 1984 1856 iste
2016 1832 2063 1856 est
2086 1825 2251 1856 absolutus
2270 1835 2288 1855 a
2310 1831 2388 1855 voto
2418 1823 2592 1864 religionis,

1528 1880 1604 1910 ergo
1627 1877 1659 1901 et
1687 1880 1706 1900 a
1727 1876 1805 1901 voto
1830 1869 2043 1900 continentiae
2073 1870 2106 1899 in
2133 1868 2284 1909 religione
2306 1868 2456 1899 inclusae.

1585 1915 1637 1945 111.
1654 1914 1705 1944 Ad
1728 1914 1790 1945 hoc
1805 1914 1866 1945 dici
1882 1921 1988 1954 potest
2011 1914 2156 1954 negando
2173 1913 2263 1954 quod
2285 1912 2319 1942 in
2335 1912 2388 1942 tali
2411 1918 2488 1942 voto
2509 1911 2594 1943 clau—

1529 1959 1621 1989 datur
1642 1965 1756 1989 votum
1787 1958 2008 1989 continentiae.
2039 1957 2148 1988 Potest
2178 1957 2265 1987 enim
2293 1962 2407 1987 votum
2434 1955 2595 1996 religionis

1529 2002 1696 2044 dupliciter
1728 2003 1876 2043 intelligi:
1910 2002 2027 2033 scilicet
2056 2009 2092 2033 ut
2122 2001 2162 2033 sit
2188 2000 2349 2041 religionis
2377 1999 2594 2036 constitutive;

1528 2047 1579 2077 vel
1609 2046 1774 2077 obiective.
1809 2047 1893 2077 Nam
1917 2047 1942 2076 si
1972 2053 2019 2077 est
2045 2052 2159 2076 votum
2189 2044 2350 2086 religionis
2379 2043 2592 2082 constitutive,

1528 2091 1591 2122 hoc
1615 2098 1662 2121 est
1684 2091 1878 2123 constituens
1901 2090 2098 2130 religionem,
2123 2096 2246 2121 constat
2268 2089 2359 2130 quod
2380 2088 2515 2120 includit
2528 2088 2596 2131 *tria

1529 2135 1705 2166 essentialia
1728 2134 1887 2175 religionis
1905 2141 1989 2166 vota.
2014 2134 2056 2165 Et
2078 2134 2141 2165 hoc
2164 2140 2211 2164 est
2228 2140 2343 2165 votum
2361 2133 2451 2173 quod
2468 2131 2503 2165 iu
2520 2131 2594 2174 pm—

1529 2179 1665 2210 fessione
1680 2179 1843 2210 emittitur.
1859 2197 1881 2202 —
1905 2179 1938 2210 Si
1952 2189 2028 2209 vero
2044 2184 2092 2209 est
2110 2185 2224 2209 votum
2247 2177 2407 2218 religionis
2429 2172 2593 2217 obieetiyffi

1527 2224 1590 2255 hoc
1613 2230 1660 2255 est
1681 2223 1801 2254 habens
1823 2223 2010 2263 religionem
2039 2232 2098 2262 pro
2128 2222 2252 2254 obiecto
2275 2228 2415 2259 tantum,
2440 2214 2595 2269 quiasstdg‘i-

1528 2268 1601 2299 licet
1622 2274 1718 2299 vovet
1740 2277 1772 2298 se
1796 2267 1942 2298 futurum
1965 2266 2162 2307 religiosum:
2186 2266 2219 2297 in
2242 2265 2297 2297 tali
2318 2271 2397 2298 voto
2420 2274 2487 2297 uon
2510 2259 2594 2308 dasg-

2618 589 2627 598 ·
2642 587 2709 610 Vere.
2724 594 2756 617 ²3·

2619 1012 2627 1020 ·
2644 1009 2712 1032 ven.
2725 1015 2775 1033 ειΜ
2816 1027 2819 1030 ⁴

2622 1781 2633 1791 ¹
2642 1780 2680 1803 De
2688 1779 2722 1802 Re
2741 1795 2748 1802 .
2762 1780 2831 1806 Iuris,

2621 1812 2677 1835 xm,
2691 1807 2716 1829 in
2762 1810 2809 1828 xto.

1529 2312 1614 2343 ditur
1629 2318 1742 2342 votum
1766 2311 1987 2342 continentiae.
2012 2310 2114 2342 Cuius
2139 2311 2266 2351 signum
2283 2317 2330 2341 est
2345 2306 2434 2351 quod
2450 2302 2487 2346 si,
2510 2315 2595 2353 anto-
2616 2331 2628 2342 ,.
2731 2334 2734 2339 ,

1529 2366 1628 2398 quam
1650 2355 1704 2387 fiat
1727 2355 1903 2396 religiosus,
1929 2355 2143 2392 fornicaretur,
2168 2364 2236 2385 non
2258 2353 2331 2385 facit
2354 2360 2463 2385 contra
2482 2355 2594 2399 votum

1529 2400 1688 2431 castitatis.
2564 2392 2579 2410 ’-

1583 2444 1645 2475 Sed
1667 2444 1744 2474 haec
1767 2443 1949 2484 responsio,
1974 2443 2046 2473 licet
2067 2443 2148 2473 bene
2171 2442 2358 2482 distinguat,
2383 2441 2467 2471 male
2487 2443 2594 2471 tamen

1530 2489 1651 2519 solvere
1673 2488 1808 2519 videtur.
1838 2487 2002 2525 Quoniam
2025 2496 2144 2517 vovens
2167 2486 2353 2526 religionem
2382 2493 2412 2517 et
2435 2485 2503 2516 eius
2525 2493 2594 2525 per-

1529 2532 1735 2563 severantiam
1765 2539 1861 2562 vovet
1875 2555 1883 2568 ‚
1907 2531 1981 2562 hinc
2003 2531 2043 2561 ad
2066 2537 2192 2561 tantum
2215 2537 2358 2570 tempus,
2382 2536 2413 2560 et
2435 2538 2595 2560 assumere

1528 2576 1689 2616 religionis
1712 2582 1830 2607 statum
1861 2583 1891 2606 et
1914 2584 2109 2615 perseverare
2132 2574 2165 2605 in
2188 2584 2237 2605 eo.
2274 2574 2309 2605 In
2332 2574 2395 2604 hoc
2418 2580 2526 2604 autem
2548 2582 2594 2605 se—

1530 2620 1636 2651 cundo
1664 2619 1836 2650 includitur
1859 2619 2032 2650 castitatem
2060 2628 2190 2649 servare.
2222 2618 2315 2649 Unde
2339 2623 2386 2654 et,
2409 2616 2595 2648 adveniente

1529 2671 1674 2704 tempore
1697 2673 1764 2704 quo
1787 2670 1868 2694 esset
1890 2663 1923 2693 in
1946 2672 2047 2699 mora,
2064 2662 2089 2693 si
2111 2662 2327 2699 fornicaretur,
2351 2661 2467 2692 faceret
2486 2665 2595 2692 contra

1529 2714 1644 2739 votum
1672 2707 1831 2738 castitatis.
1866 2707 2085 2738 Manifestatur
2112 2713 2219 2737 autem
2248 2706 2310 2737 hoc
2334 2715 2402 2736 esse
2423 2708 2535 2736 verum
2558 2714 2596 2736 ex

1530 2762 1570 2783 eo
1594 2752 1682 2793 quod
1706 2752 1731 2782 si
1754 2752 1874 2782 habens
1897 2752 1958 2782 tale
1981 2757 2095 2782 votum
2117 2757 2235 2782 statum
2257 2748 2524 2781 matrimonialem
2544 2748 2594 2780 in—

1529 2797 1723 2837 grederetur,
1755 2806 1822 2826 non
1845 2803 1952 2836 posset
1975 2795 2096 2835 exigere
2119 2794 2275 2830 debitum,
2301 2794 2382 2825 sicut
2404 2794 2523 2825 habens
2538 2803 2595 2838 vo,-

1503 2865 1505 2868 .
1530 2848 1601 2872 tum
1625 2840 1836 2871 continentiae
1859 2849 1926 2870 non
1949 2845 2054 2879 potest
2077 2838 2208 2879 exigere.

1587 2884 1649 2915 Sed
1678 2884 1834 2924 quoniam
1864 2882 2030 2914 difficultas
2057 2882 2133 2919 ista,
2157 2881 2274 2913 scilicet
2303 2892 2342 2912 an
2371 2881 2404 2911 in
2437 2881 2491 2912 tali
2517 2882 2594 2912 vo'to

1532 2929 1696 2960 claudatur
1709 2935 1824 2959 votum
1841 2926 2061 2963 continentiae,
2078 2936 2145 2957 non
2161 2932 2208 2957 est
2227 2926 2324 2962 clara3
2347 2925 2420 2956 ideo
2435 2922 2595 2956 tractanda

1530 2979 1578 3003 est
1601 2982 1748 3013 praesens
1767 2972 1911 3013 quaestio
1934 2970 2224 3011 praesupponendo
2237 2970 2336 3010 'quod
2363 2970 2397 3000 in
2419 2968 2595 3000 voto‘sim-

1532 3016 1606 3057 plici
1636 3016 1796 3056 religionis
1826 3015 2024 3047 contineatur
2046 3021 2161 3046 votum
2190 3014 2402 3046 continentiae
2431 3013 2593 3054 implicit.

1531 3060 1631 3092 Aliter
1661 3070 1736 3100 ergo
1766 3059 1880 3091 dicitur
1911 3059 2136 3099 distinguendo
2166 3059 2205 3089 de
2234 3058 2409 3090 intentione
2441 3055 2593 3097 voventis.

1532 3107 1599 3136 Aut
1624 3103 1709 3136 enirn
1731 3104 1866 3135 intendit
1881 3113 1914 3134 se
1929 3103 2069 3144 obligare
2093 3103 2133 3134 ad
2154 3102 2391 3139 continentiam,
2411 3108 2482 3147 §th
2497 3099 2592 3139 etiam

1533 3148 1559 3178 si
1582 3158 1649 3178 non
1679 3155 1786 3187 posset
1809 3146 1905 3187 recipi
1935 3147 1968 3177 in
1991 3145 2158 3186 religione:
2191 3153 2260 3182 aut,
2286 3146 2311 3177 si
2334 3142 2596 3188 cogitaretgqii'od

1533 3201 1599 3222 non
1623 3198 1704 3221 esset
1727 3191 1934 3232 recipiendus,
1959 3191 1999 3220 ad
2015 3190 2094 3220 nihil
2116 3190 2251 3221 intendit
2274 3199 2306 3221 se
2326 3199 2393 3220 esse
2409 3183 2593 3229 obligatum.

1532 3236 1573 3266 Et
1587 3235 1620 3265 in
1636 3234 1741 3275 primo
1758 3244 1831 3265 casu
1843 3241 2001 3265 teneretur
2015 3235 2055 3264 ad
2071 3234 2309 3271 continentiam,
2319 3234 2352 3264 in
2366 3233 2506 3264 secundo
2516 3237 2595 3263 non.

1587 3279 1650 3309 Sed
1672 3278 1827 3319 quoniam
1846 3278 1924 3309 haec
1937 3277 2104 3318 responsio
2127 3278 2322 3319 particularis
2337 3284 2393 3314 est,
2413 3275 2533 3308 scilicet
2549 3285 2595 3307 re-

1533 3329 1643 3363 spectu
1673 3322 1769 3353 huius
1799 3322 1856 3363 qui
1891 3322 1985 3353 habet
2014 3322 2110 3352 talem
2139 3321 2366 3359 intentionem;
2397 3327 2429 3352 et
2450 3319 2595 3362 quaestio

1533 3373 1580 3398 est
1611 3367 1650 3397 de
1673 3373 1749 3398 voto
1780 3366 1940 3397 absolute:
1973 3372 2101 3407 oportet
2123 3375 2160 3397 ex
2188 3373 2301 3399 natura
2325 3364 2392 3397 voti
2420 3363 2596 3396 satisfacere

1533 3410 1722 3451 quaestioni,
1747 3416 1778 3441 et
1800 3420 1866 3441 non
1889 3420 1926 3441 ex
1941 3409 2181 3451 particularibus
2202 3407 2432 3450 intentionibus
2455 3407 2550 3438 huius
2565 3414 2596 3438 et

1533 3454 1616 3485 illius
1639 3453 1792 3485 voventis.
2174 3457 2176 3460 ’
2208 3455 2211 3459 ’
2252 3461 2267 3467 ·’

1589 3498 1640 3529 1v.
1658 3498 1837 3529 Dicendum
1853 3504 1899 3528 est
1922 3507 1997 3538 ergo
2020 3498 2109 3538 quod
2131 3496 2405 3538 quemadmodum
2428 3495 2460 3525 in
2483 3494 2596 3526 habiti-

1534 3543 1593 3573 bus
1613 3542 1776 3579 virtutum,
1794 3541 1916 3572 sublata
1938 3541 2059 3572 ratione
2075 3540 2201 3572 formali
2222 3540 2348 3576 obiecti,
2363 3549 2431 3570 non
2455 3546 2597 3570 remanet
