2860 4238
438 218 514 256 492
1183 252 1189 258 ,
1442 205 1606 242 1NDEx
1620 238 1623 240 ,

438 293 600 314 ARTICULUS
614 294 646 313 111
686 286 787 313 Utrum
809 294 895 312 omne
917 291 1015 311 votum
1031 283 1135 320 obliget
1149 284 1185 311 ad
1201 283 1243 311 sui
1263 285 1315 311 ob—

715 324 903 352 servationem
920 344 1312 351 ..............
1350 331 1422 360 pag.
1439 322 1493 356 243

518 375 533 390 ²
615 372 646 392 1v
686 365 786 391 Utrum
809 363 938 399 expediat
960 362 1068 399 aliquid
1083 371 1187 390 vovere
1190 384 1314 391 .....
1399 373 1414 387 »
1438 361 1494 395 248

519 414 533 429 »
615 412 635 431 v
684 404 786 431 Utrum
807 409 906 430 votum
929 402 964 430 sit
984 409 1064 430 actus
1085 402 1183 430 latriae
1199 402 1258 430 sive
1272 411 1315 429 re-

714 442 828 479 ligionis
833 462 1315 470 .................
1398 451 1413 467 »
1438 447 1494 476 249

518 494 532 508 :o
614 491 643 510 VI
684 483 784 510 Utrum
807 481 897 517 magis
919 481 954 508 sit
975 481 1118 508 laudabile
1147 487 1174 508 et
1200 481 1316 508 merito-

716 522 790 549 rium
813 523 904 549 facere
926 521 1034 557 aliquid
1056 520 1117 548 sine
1137 527 1207 548 voto
1229 530 1316 557 quarn

715 571 747 588 ex
762 567 831 589 voto
835 581 1315 588 .................
1398 569 1413 585 ι
1437 560 1489 587 251

517 613 532 628 »
614 609 654 628 vn
683 602 784 628 Utrum
804 607 903 628 votum
925 599 1128 627 solemnizetur
1149 609 1200 636 per
1221 608 1316 627 susee-

714 640 844 676 ptionem
866 639 937 667 sacri
953 639 1072 674 ordinis,
1088 646 1115 667 et
1136 648 1186 675 per
1206 639 1316 675 profes-

714 680 826 707 sionem
849 680 885 707 ad
907 686 1013 707 certam
1028 679 1155 715 regulam
1159 700 1313 707 ......
1398 688 1413 703 ι
1438 678 1492 705 253

518 732 533 747 »
615 728 667 748 vm
688 721 788 747 Utrum
810 719 849 746 illi
871 719 919 755 qui
946 725 1012 746 sunt
1039 718 1154 746 alterius
1182 718 1316 754 potestati

715 759 833 786 subiecti
862 758 1054 795 impediantur
1077 767 1094 786 a
1114 759 1256 786 vovendo.
1279 779 1285 785 .
1308 779 1314 786 .
1397 767 1412 782 »
1437 756 1493 784 256

517 811 532 826 x
614 807 644 827 1x
684 800 786 827 Utrum
808 798 889 834 pueri
910 798 1021 834 possint
1042 804 1109 825 voto
1131 807 1161 825 se
1189 797 1316 834 obligare

713 840 750 866 ad
772 838 917 874 religionis
941 838 1099 874 ingressum
1104 858 1315 865 ........
1397 845 1413 861 ›
1437 836 1489 863 261

518 890 532 905 ιι
615 887 635 906 x
685 879 786 906 Utrum
809 878 838 905 in
859 884 928 905 voto
950 877 1107 913 dispensari
1127 877 1227 913 possit.
1250 898 1256 904 .
1280 898 1286 904 .
1309 897 1316 904 .
1398 885 1413 900 υ
1437 876 1494 903 262

518 929 532 944 »
615 926 646 946 x1
686 918 787 945 Utrum
819 918 847 944 in
875 924 943 945 voto
972 917 1095 945 solemni
1123 915 1317 945 continentiae

714 957 805 993 possit
833 957 893 985 fieri
923 957 1098 993 dispensatio
1102 977 1316 984 ........
1399 964 1414 979 »
1438 955 1496 989 264

519 1009 533 1023 2
584 997 586 999 '
614 1005 655 1024 xn
684 998 786 1025 Utrum
808 998 844 1024 ad
865 997 1122 1025 commutationem
1144 996 1187 1023 vel
1203 995 1317 1031 dispen-

715 1037 855 1064 sationem
877 1037 937 1064 voti
958 1036 1119 1073 requiratur
1134 1034 1252 1072 praelati
1266 1044 1317 1063 au-

715 1076 830 1104 ctoritas
834 1095 1315 1105 .................
1399 1083 1414 1098 »
1438 1073 1494 1108 267

679 1169 870 1204 QUAESTIO
896 1167 1252 1196 OCTOGESIMANONA

827 1249 875 1278 De
895 1248 1101 1277 iuramento.

437 1338 598 1359 ARTICULUS
614 1338 625 1356 1
682 1329 784 1356 Utrum
799 1327 892 1354 iurare
906 1326 941 1354 sit
950 1332 1050 1353 testem
1066 1327 1159 1353 Deum
1174 1325 1316 1353 invocare.
1398 1334 1413 1350 ι
1438 1331 1494 1360 272

517 1380 531 1394 z
615 1377 635 1396 11
686 1368 787 1395 Utrum
803 1366 837 1394 sit
852 1366 960 1394 licitum
975 1366 1069 1393 iurare
1072 1386 1315 1393 .........
1399 1374 1414 1389 »
1438 1371 1495 1400 274

519 1420 533 1434 »
614 1416 645 1435 111
686 1408 787 1434 Utrum
810 1406 1014 1434 convenienter
1034 1411 1180 1442 ponantur
1195 1411 1252 1432 tres
1267 1413 1315 1432 co-

714 1446 796 1474 mites
817 1445 970 1473 iuramenti
990 1445 1105 1479 iustitia,
1130 1443 1268 1472 iudicium
1290 1450 1317 1471 et

712 1485 813 1514 veritas
837 1504 1316 1513 .................
1398 1492 1413 1508 »
1438 1482 1492 1519 275

517 1538 531 1553 »
613 1534 643 1554 1v
683 1527 784 1553 Utrum
805 1524 899 1553 iurare
921 1524 956 1552 sit
977 1531 1056 1552 actus
1085 1523 1230 1561 religionis
1258 1523 1316 1551 sive

713 1564 810 1592 latriae
833 1584 1316 1592 .................
1398 1572 1414 1588 ι
1457 1562 1495 1590 ib.

516 1617 531 1633 ›
614 1614 633 1633 v
682 1606 784 1632 Utrum
807 1604 999 1632 iuramentum
1021 1603 1056 1631 sit
1076 1604 1271 1639 appetendum
1290 1609 1318 1630 et

713 1645 963 1680 frequentandum,
985 1650 1124 1679 tanquam
1142 1642 1208 1670 utile
1223 1649 1251 1670 et
1264 1643 1317 1670 bo-

715 1693 785 1711 num
808 1703 1318 1712 ..................
1400 1691 1415 1706 »
1439 1681 1495 1716 276

517 1736 531 1751 »
614 1732 644 1752 VI
684 1724 786 1751 Utrum
808 1722 891 1751 liceat
911 1732 962 1759 per
986 1729 1129 1750 creaturas
1157 1722 1258 1750 iurare.
1282 1743 1288 1748 .
1311 1742 1318 1749 .
1400 1730 1415 1745 ›
1440 1720 1496 1755 278

517 1775 532 1791 ›
615 1772 655 1791 vu
685 1764 786 1791 Utrum
814 1763 1006 1790 iuramentum
1034 1763 1138 1790 habeat
1165 1761 1222 1789 vim
1244 1760 1317 1788 obli-

715 1802 800 1839 gandi
804 1821 1315 1830 ..................
1399 1810 1413 1825 »
1439 1805 1496 1834 279

517 1854 532 1870 »
614 1851 666 1870 vm
687 1844 788 1870 Utrum
816 1841 910 1869 maior
937 1841 973 1869 sit
1000 1840 1136 1877 obligatio
1165 1839 1318 1868 iuramenti

715 1891 800 1918 quam
823 1881 880 1908 voti
896 1900 1316 1909 ...............
1398 1888 1413 1904 »
1438 1878 1495 1905 286

516 1933 531 1948 ›
614 1929 644 1948 111
685 1922 787 1949 Utrum
808 1920 910 1956 aliquis
932 1920 1022 1956 possit
1043 1919 1209 1956 dispensare
1228 1919 1258 1946 in
1273 1918 1316 1946 iu-

712 1967 843 1988 ramento
859 1979 1314 1988 ................
1398 1967 1413 1982 »
1438 1957 1494 1993 287

517 2013 531 2027 »
613 2009 632 2028 x
681 2000 784 2028 Utrum
805 1999 998 2027 iuramentum
1013 1998 1187 2036 impediatur
1200 2007 1251 2034 per
1265 1996 1316 2025 ali-

713 2048 800 2076 quam
816 2038 1013 2067 conditionem
1028 2047 1171 2075 personae
1185 2038 1229 2066 vel
1244 2044 1316 2065 tem-

711 2078 791 2115 poris
801 2098 1315 2107 ..................
1398 2085 1414 2102 »
1438 2075 1494 2111 289

731 2144 923 2201 QUAESTIO
945 2165 1194 2193 NONAGESIMA

433 2255 482 2284 De
497 2253 736 2290 assumptione
751 2251 854 2281 divini
867 2252 1016 2281 nominis
1029 2260 1092 2288 per
1105 2251 1242 2281 modum
1257 2250 1496 2280 adiurationis.

435 2341 596 2362 ARTICULUS
610 2341 620 2359 1
680 2332 782 2359 Utrum
804 2330 886 2358 liceat
906 2330 1055 2358 hominem
1084 2329 1224 2358 adiurare.
1248 2351 1254 2357 .
1278 2351 1283 2357 .
1307 2351 1314 2358 .
1397 2340 1412 2355 »
1437 2336 1489 2365 291

514 2384 528 2398 »
611 2380 631 2399 11
682 2372 783 2399 Utrum
806 2370 887 2398 liceat
909 2371 1065 2398 daemones
1083 2369 1224 2398 adiurare.
1247 2391 1253 2397 .
1277 2391 1283 2397 .
1307 2391 1314 2397 .
1396 2379 1411 2394 ›
1437 2376 1493 2405 292

513 2423 528 2438 »
611 2420 642 2439 111
683 2411 784 2438 Utrum
796 2410 877 2438 liceat
888 2410 1019 2438 adiurare
1031 2409 1224 2438 irrationalem
1236 2418 1314 2437 crea—

711 2457 803 2478 turam
808 2470 1313 2478 ..................
1397 2460 1412 2475 »
1436 2449 1491 2484 293

672 2537 863 2571 QUAESTIO
886 2536 1254 2563 NONAGESIMAPRIMA

502 2619 551 2647 De
571 2601 810 2652 assumptione
832 2615 936 2644 divini
956 2615 1104 2644 nominis
1125 2615 1170 2644 ad
1195 2615 1425 2646 invocandum

847 2663 910 2691 per
929 2654 1076 2684 laudem.

435 2743 597 2765 ARTICULUS
611 2744 621 2762 1
681 2735 781 2762 Utrum
804 2736 881 2761 Deus
903 2733 938 2761 sit
959 2743 1009 2761 ore
1024 2734 1186 2761 laudandus
1189 2755 1314 2762 .....
1398 2746 1412 2760 »
1436 2742 1494 2771 294

513 2786 527 2801 2
611 2783 632 2802 11
682 2775 785 2802 Utrum
807 2781 908 2802 cantus
929 2773 985 2801 sint
1006 2773 1174 2801 assumendi
1195 2774 1231 2802 ad
1253 2774 1314 2802 lau-

710 2814 775 2841 dem
791 2813 918 2841 divinam
922 2835 1314 2841 ..............
1397 2824 1412 2839 »
1436 2814 1490 2849 295

644 2893 835 2927 QUAESTIO
857 2893 1285 2921 NONAGESIMASECUNDA

794 2974 843 3002 De
870 2973 1128 3009 superstitione.

434 3059 596 3079 ARTICULUS
610 3060 620 3079 1
679 3052 780 3079 Utrum
803 3050 964 3086 superstitio
991 3051 1027 3078 sit
1054 3051 1154 3079 vitium
1183 3051 1313 3088 religioni

711 3090 885 3118 contrarium
890 3112 1311 3120 ...............
1395 3102 1410 3118 »
1433 3093 1490 3129 298

514 3141 530 3156 ι
611 3138 633 3157 11
683 3131 784 3158 Utrum
805 3130 861 3159 sint
882 3129 1009 3158 diversae
1025 3130 1235 3166 superstitionis
1250 3139 1314 3167 spe-

713 3179 769 3198 cies
772 3190 1313 3199 ...................
1395 3181 1410 3196 ›
1435 3178 1491 3208 299

660 3247 851 3281 QUAESTIO
877 3247 1268 3276 NONAGESIMATERTIA

565 3321 613 3350 De
634 3321 880 3356 superstitione
901 3320 1040 3350 indebiti
1063 3322 1175 3351 cultus
1196 3322 1271 3351 veri
1291 3323 1361 3352 Dei.

437 3399 598 3419 ARTICULUS
612 3400 623 3419 1
683 3393 784 3420 Utrum
805 3392 834 3420 in
863 3393 939 3421 cultu
967 3393 1026 3421 veri
1055 3393 1107 3421 Dei
1134 3394 1226 3430 possit
1253 3403 1314 3423 esse

713 3431 820 3468 aliquid
845 3432 1037 3468 perniciosum
1041 3454 1313 3462 ..........
1395 3445 1411 3460 ›
1437 3435 1487 3462 301

517 3479 532 3495 ι
613 3478 635 3497 11
686 3472 787 3498 Utrum
809 3471 839 3499 in
860 3472 937 3499 cultu
952 3472 1005 3500 Dei
1020 3473 1110 3508 possit
1125 3482 1186 3502 esse
1205 3473 1315 3510 aliquid

714 3511 890 3546 superfluum
894 3532 1312 3542 ...............
1396 3524 1411 3539 ²
1437 3513 1492 3541 302

1772 285 1963 320 QUAESTIO
1983 284 2392 318 NONAGESIMAQUARTA

1942 358 1991 386 De
2017 356 2223 386 idololatria.

1553 433 1714 454 ARTICULUS
1728 432 1739 454 1
1798 428 1900 456 Utrum
1921 428 2083 456 idololatria
2097 434 2173 455 recte
2187 433 2312 464 ponatur
2325 428 2433 464 species

1830 468 2038 503 superstitionis
2041 486 2326 495 ...........
2338 489 2344 495 .
2367 489 2374 496 .
2397 489 2404 496 .
2427 489 2434 496 .
2465 477 2538 506 pag.
2556 469 2613 503 304

1635 515 1650 530 »
1725 513 1754 533 ·11
1802 506 1904 535 Utrum
1925 507 2088 536 idololatria
2101 506 2137 534 sit
2155 513 2303 543 peceatum
2306 522 2433 536 .....
2512 517 2531 537 ρ
2556 508 2612 536 306

1634 555 1648 569 »
1730 553 1763 572 111
1802 546 1904 573 Utrum
1925 546 2090 576 idololatria
2103 546 2139 574 sit
2153 545 2352 583 gravissimum
2367 555 2434 582 pec-

1831 591 1962 614 catorum
1978 607 2432 615 ................
2515 596 2530 612 ιο
2556 586 2611 623 307

1633 634 1647 648 »
1730 631 1760 650 1v
1800 624 1901 652 Utrum
1915 634 2002 653 causa
2015 625 2195 654 idololatriae
2211 625 2292 653 fuerit
2307 635 2339 653 ex
2353 631 2434 661 parte

1829 664 1957 692 hominis
1978 686 2432 694 ................
2515 675 2530 691 »
2556 665 2612 701 309

1774 742 1966 776 QUAESTIO
1992 743 2388 778 NONAGESIMAQUINTA

1807 817 1856 846 De
1877 817 2125 853 superstitione
2153 817 2354 847 divinaflva.

1551 897 1714 917 Amicums
1728 897 1739 917 1
1798 889 1899 916 Utrum
1926 888 2065 917 divinatio
2093 888 2129 916 sit
2156 896 2305 925 peccatum
2308 911 2434 918 .....
2515 900 2530 916 »
2557 890 2608 918 311

1631 939 1646 955 ιν
1729 937 1750 956 11
1796 929 1898 956 Utrum
1907 928 2043 956 divinatio
2052 929 2087 956 sit
2095 929 2203 965 species
2214 929 2431 965 superstitionis.
2516 940 2532 956 ι
2557 930 2612 957 312

1632 979 1647 994 »
1729 977 1760 996 111
1801 969 1903 996 Utrum
1925 967 1961 996 sit
1981 968 2174 996 determinare
2201 969 2297 1004 plures
2324 969 2434 998 divina-

1829 1008 1916 1036 tionis
1928 1008 2036 1044 species
2040 1030 2432 1037 ..............
2517 1019 2536 1046 »¹
2557 1007 2610 1036 315
2624 1039 2626 1041 ,

1632 1058 1647 1073 »
1730 1055 1759 1075 tv
1800 1048 1900 1076 Utrum
1916 1047 2054 1076 divinatio
2076 1057 2150 1084 quae
2164 1047 2196 1076 fit
2210 1057 2261 1084 per
2275 1048 2434 1076 invocatio-

1830 1097 1881 1115 nes
1903 1088 2079 1116 daemonum
2094 1088 2130 1115 sit
2150 1087 2247 1115 illicita
2249 1109 2434 1116 .......
2518 1097 2533 1113 »
2557 1087 2618 1124 317·

1632 1136 1647 1152 1)
1729 1134 1749 1154 v
1799 1128 1901 1155 Utrum
1923 1127 2061 1162 divinatio
2083 1136 2157 1164 quae
2179 1127 2210 1155 fit
2230 1137 2282 1164 per
2302 1133 2379 1155 astra
2399 1127 2435 1155 sit

1829 1165 1925 1194 illicita
1928 1188 2433 1196 ...................
2517 1176 2532 1192 »
2557 1165 2613 1202 319

1632 1215 1647 1230 »
1730 1213 1761 1233 V1
1801 1206 1903 1233 Utrum
1925 1205 2063 1234 divinatio
2085 1215 2159 1243 quae
2185 1206 2216 1235 fit
2242 1216 2294 1243 per
2321 1205 2435 1234 somnia

1831 1244 1866 1272 sit
1880 1244 1976 1273 illicita
1979 1267 2433 1275 ................
2516 1254 2531 1270 »
2558 1243 2611 1272 323

1634 1295 1648 1310 »
1729 1293 1771 1312 vn
1801 1285 1903 1312 Utrum
1925 1284 2062 1313 divinatio
2084 1294 2159 1322 quae
2180 1292 2223 1313 est
2242 1294 2294 1321 per
2314 1285 2435 1322 auguria

1830 1331 1858 1352 et
1878 1324 1978 1352 omina
1998 1331 2026 1352 et
2046 1324 2116 1352 alias
2143 1324 2311 1352 huiusmodi
2335 1326 2434 1352 obser-

1829 1364 1958 1392 vationes
1974 1364 2148 1392 exteriorum
2162 1374 2268 1400 rerum,
2279 1364 2315 1392 sit
2329 1364 2434 1394 illicita.
2518 1374 2533 1389 »
2557 1363 2614 1398 324

1631 1414 1646 1429 ι
1728 1411 1780 1432 vm
1800 1404 1902 1432 Utrum
1924 1403 2061 1432 divinatio
2077 1404 2198 1432 sortium
2213 1404 2249 1432 sit
2266 1403 2373 1432 illicita.
2396 1426 2403 1432 .
2426 1425 2433 1432 .
2517 1414 2532 1429 »
2557 1402 2613 1431 326

1789 1482 1981 1517 QUAESTIO
1997 1482 2373 1522 NONAGESIMASEXTA

1723 1558 1773 1587 De
1794 1557 2101 1594 superstitionibus
2127 1554 2440 1588 observantiarum.

1551 1644 1739 1665 ART1CULUSI
1797 1636 1899 1663 Utrum
1921 1635 1963 1663 uti
1990 1635 2178 1664 observantiis
2200 1635 2274 1663 artis
2302 1634 2434 1664 notoriae

1830 1675 1866 1703 sit
1875 1675 2003 1703 illicitum
2007 1696 2432 1704 ...............
2516 1686 2532 1701 ι
2556 1673 2614 1715 339

1634 1727 1648 1741 »
1730 1723 1751 1742 11
1800 1715 1903 1742 Utrum
1925 1714 2140 1743 observationes
2155 1715 2304 1743 ordinatae
2318 1716 2356 1744 ad
2370 1724 2434 1743 cor-

1829 1763 1935 1791 porum
1956 1754 2197 1790 immutationem,
2219 1761 2289 1791 puta
2305 1756 2342 1783 ad
2356 1755 2432 1783 sani-

1829 1800 1916 1822 tatem
1938 1794 1983 1822 vel
2003 1794 2040 1822 ad
2061 1794 2169 1831 aliquid
2186 1793 2362 1829 huiusmodi,
2377 1794 2434 1822 sint

1830 1833 1923 1862 licitae
1949 1855 2432 1863 .................
2513 1843 2532 1865 ,ι
2557 1833 2609 1863 331

1632 1885 1647 1900 »
1729 1882 1760 1902 111
1800 1874 1903 1901 Utrum
1926 1873 2141 1901 observationes
2162 1882 2237 1910 quae
2264 1873 2436 1902 ordinantur

1829 1914 1867 1941 ad
1887 1914 2162 1950 praecognoscenda
2183 1913 2281 1950 aliqua
2308 1912 2434 1942 fortunia

1829 1953 1874 1981 vel
1895 1952 2060 1986 infortunia,
2082 1952 2139 1981 sint
2163 1952 2276 1981 illicitae
2279 1973 2434 1981 ......
2517 1963 2532 1978 »
2557 1950 2611 1980 333

1632 2004 1647 2019 2
1729 2001 1759 2020 tv
1798 1993 1902 2020 Utrum
1923 1993 2098 2029 suspendere
2112 1993 2210 2021 divina
2222 1994 2310 2021 verba
2323 1993 2361 2021 ad
2375 1992 2434 2021 col-

1828 2033 1887 2060 lum
1910 2032 1946 2060 sit
1966 2031 2094 2061 illicitum
2098 2053 2432 2061 ............
2516 2041 2531 2057 »
2557 2030 2614 2067 334

1763 2112 1955 2147 QUAESTIO
1983 2104 2400 2140 NONAGESIMASEPTMA

1900 2186 1950 2216 ne
1971 2186 2262 2216 tentatione-nei.
2377 2166 2379 2170 ’
2446 2168 2450 2173 ’

2491 2164 2493 2168 ’
2532 2162 2543 2177 ⁷]
2556 2160 2604 2178 1551.

1549 2265 1713 2286 anemius
1727 2266 1738 2285 1
1797 2258 1898 2286 Utrum
1920 2257 2040 2285 tentatio
2062 2256 2115 2285 Dei
2136 2257 2274 2294 consistat
2287 2257 2318 2286 in
2331 2257 2434 2294 aliqui-

1827 2298 1881 2325 bus
1902 2296 1982 2324 factis
2010 2297 2040 2325 in
2069 2295 2174 2334 quibus
2202 2296 2292 2325 {Elius
2319 2296 2434 2326 divinae

1828 2336 1978 2373 potestatis
1998 2343 2164 2374 expectatur
2188 2337 2304 2365 effectus
2307 2358 2432 2366 .....
2515 2347 2531 2363 »
2555 2337 2612 2366 336

1630 2388 1645 2403 ι
1728 2386 1749 2405 n
1798 2377 1901 2404 Utrum
1923 2383 2032 2404 tentare
2061 2378 2155 2405 Deum
2181 2377 2217 2404 sit
2243 2383 2404 2413 peccatum.
2426 2398 2433 2405 .
2514 2386 2531 2402 θ
2556 2375 2612 2415 337

1629 2427 1644 2442 ›
1727 2425 1759 2445 111
1798 2417 1900 2444 Utrum
1923 2416 2042 2444 tentatio
2064 2416 2117 2445 Dei
2145 2423 2312 2454 opponatur
2337 2416 2434 2444 vir-tun*
2557 2431 2606 2449 sm.

1827 2455 1973 2493 religionis
1976 2477 2432 2486 ................
2515 2466 2531 2482 »
2556 2455 2612 2492 339

1631 2507 1645 2522 ι
1727 2504 1757 2524 rv
1797 2497 1899 2524 Utrum
1921 2495 2042 2524 tentatio
2063 2496 2116 2524 Dei
2137 2496 2174 2524 sit
2193 2495 2308 2533 gravius
2331 2504 2432 2532 pecea-
2511 2519 2514 2522 1

1828 2542 1889 2563 tum
1912 2545 2000 2572 quam
2021 2535 2185 2572 superstitio
2187 2556 2432 2564 .........
2512 2545 2532 2566 2
2572 2533 2612 2563 ib.

1726 2648 1728 2651 .
1768 2613 1959 2648 QUAESTIO
1982 2615 2006 2641 N
2009 2614 2393 2643 ONAGESIMAOCTAVA

1965 2689 2014 2718 De
2033 2687 2195 2725 periurio.

1547 2769 1712 2790 ARTICULUS
1726 2769 1737 2789 1
1797 2761 1899 2788 Utrum
1910 2759 2015 2788 falsitas
2025 2759 2086 2788 eius
2097 2760 2177 2797 quod
2189 2759 2351 2788 iuramento
2362 2769 2432 2788 con—

1827 2800 1958 2828 firmatur
1978 2799 2141 2844 requiratur
2166 2800 2203 2827 ad
2230 2798 2398 2846 periurium.
2423 2821 2431 2828 .
2513 2809 2528 2825 ι
2553 2799 2606 2835 341

1630 2851 1646 2867 »
1727 2848 1750 2868 11
1799 2840 1902 2868 Utrum
1923 2847 2011 2867 omne
2036 2846 2195 2876 periurium
2215 2845 2251 2867 sit
2270 2845 2430 2876 peccatum.
2512 2848 2528 2878 p
2553 2839 2609 2875 ³4²

1631 2892 1646 2907 >v
1727 2888 1760 2908 111
1799 2880 1901 2908 Utrum
1923 2887 2012 2907 omne
2033 2878 2189 2915 periurium
2218 2879 2254 2907 sit
2280 2885 2430 2916 peccatum

1827 2919 1949 2948 mortale
1951 2940 2429 2948 .................
2512 2928 2527 2944 n
2553 2918 2611 2955 344

1631 2971 1644 2986 »
1727 2968 1758 2987 rv
1797 2959 1900 2987 Utrum
1912 2965 2011 2995 peccet
2023 2957 2070 2986 ille
2085 2958 2135 2995 qui
2149 2957 2272 2995 iniungit
2285 2957 2429 2986 iuramen-

1770 3014 1774 3017 ·
1825 3005 1887 3027 turn
1909 2999 1933 3026 ei
1956 2998 2005 3036 qui
2029 2998 2156 3035 periurat
2157 3019 2429 3028 ..........
2511 3007 2527 3023 ²
2552 2997 2608 3034 346

1793 3084 1986 3119 QUAESTIO
2008 3083 2365 3112 NONAGESIMANONA
2472 3097 2534 3114 '1'›
2555 3096 2603 3114 mm

1944 3157 1993 3186 De
2016 3150 2211 3193 sacrilegio.
2510 3143 2513 3147 ⁵

1547 3243 1711 3264 ARncths
1724 3245 1736 3264 1
1794 3236 1897 3281 Utrum
1918 3235 2101 3274 sacrilegium
2122 3235 2157 3264 sit
2177 3245 2276 3265 sacrae
2302 3236 2343 3264 rei
2367 3236 2429 3270 vio·
2511 3263 2521 3269 „

1629 3326 1643 3342 ‚
1726 3324 1747 3344 1
1797 3276 2100 3352 1111111811,-
2183 3297 2309 3352 181111·
2328 3297 2429 3352 aaa:
2512 3287 2527 3302 ’
2551 3276 2607 3361 ³1¹⁷

1629 3406 1643 3421 ,
1725 3403 1756 3423 1,
1796 3361 1913 3423 1ἓ,“,’,,·
1929 3377 2038 3431 {pau
2058 3376 2198 3432 111181
2212 3376 2429 3432 1111811111
2511 3365 2526 3380 ‘
2568 3355 2607 3383 ¹²³·

1825 3435 1984 3462 secundum
2013 3443 2057 3463 res
2084 3444 2178 3463 sacras
2181 3454 2426 3463 .........
2511 3443 2525 3459 »
2551 3433 2606 3470 348

1627 3484 1643 3500 ι
1725 3481 1756 3502 1v
1795 3474 1898 3502 Utrum
1919 3483 2015 3518 poena
2028 3473 2167 3511 sacrilegii
2181 3475 2285 3502 debent
2301 3482 2364 3502 esse
2377 3481 2446 3510 pe·

1824 3513 1953 3541 cuniaria
1974 3533 2426 3542 ................
2508 3522 2523 3538 ι
2550 3512 2606 3549 349

2847 3665 2860 3754 ,.....’1.
2846 3503 2860 3651 4-.⁴1-¹i.>·1-
2855 3481 2857 3486 -
2855 3444 2860 3462 „A
2856 3423 2860 3428 .
