2860 4238
139 389 146 396 ·
159 387 213 408 Loc.
229 387 275 413 cit,
287 392 310 409 n.
324 393 346 414 9.

135 1179 182 1200 ·Cf.
188 1178 306 1205 ibid.n.14,
312 1178 342 1200 16.

381 263 459 298 420
1069 246 1336 292 QUAESTIO
1366 245 1467 291 CIX,
1497 245 1793 283 ARTICULUS
1823 245 1874 282 IV

433 330 506 366 SED
535 340 680 366 CONTRA
700 339 765 365 EST
785 327 888 375 quod
910 325 1165 373 Philosophus
1195 324 1294 371 dicit,
1323 324 1362 360 in
1389 324 1439 360 lV
1464 322 1467 408 Ι
1494 324 1606 361 Unde
1625 325 1833 372 Apostolus
1857 324 1956 371 dicit,
1979 325 2010 360 ΙΙ
2030 324 2082 360 ad
2103 324 2190 360 Cor.
2209 335 2257 360 xu
2275 323 2315 359 *ε
2344 323 2386 359 Si
2402 323 2556 360 voluero

376 383 495 419 Ethic.
516 382 552 427 ³⁸,
583 381 688 430 quod
722 381 842 417 homo
881 378 1093 415 secundum
1131 378 1230 413 hanc
1258 377 1437 413 virtutem
1491 377 1667 426 gloriari,
1688 389 1762 413 non
1783 388 1848 413 ero
1869 377 2064 424 insipiens:
2087 377 2281 413 veritatem
2300 376 2399 412 enim
2418 376 2554 412 dicam.

377 435 500 484 magis
528 447 551 471 a
579 446 669 472 vero
698 433 858 469 declinat
885 433 921 467 in
951 431 1086 468 minus.
1492 430 1615 465 Pareo
1636 435 1783 466 autem.-
1813 441 1859 466 ne
1877 430 1960 477 quis
1978 441 2039 465 me
2057 429 2243 466 existimet
2267 440 2383 476 supra
2401 428 2442 465 id
2457 429 2558 476 quod

430 489 654 524 RESPONDEO
684 496 867 522 mcENDUM
896 484 1001 531 quod
1031 482 1220 520 declinare
1245 482 1283 518 in
1313 481 1437 519 minus
1464 519 1465 531 χ
1492 482 1593 519 videt
1619 483 1655 518 in
1685 494 1756 528 me,
1785 489 1853 519 aut
1877 483 1984 519 audit
2008 482 2177 530 aliquid⁸
2205 493 2256 518 ex
2283 493 2354 518 me.

375 553 397 577 a
425 541 581 577 veritate
610 538 790 585 contingit
819 536 1027 585 dupliciter.
1057 536 1144 573 Uno
1175 535 1307 582 modo,
1337 535 1436 572 affir-
1464 534 1466 583 ἶ
1545 535 1631 571 Alio
1660 535 1780 572 modo
1808 542 1933 584 potest
1969 534 2101 583 aliquis
2136 534 2324 571 declinare
2362 533 2401 570 in
2429 533 2556 570 minus

375 593 517 630 mando
539 592 570 628 t:
599 600 691 640 puta
711 603 798 627 cum
820 589 952 637 aliquis
981 601 1059 625 non
1080 588 1295 625 manifestat
1315 595 1436 624 totum
1464 615 1465 632 Ξ
1492 587 1690 635 negando:
1729 588 1869 624 scilicet
1897 595 1936 624 ut
1964 595 2075 636 neget
2110 587 2180 624 sibi
2207 587 2332 623 inesse
2369 586 2476 634 quod
2501 585 2556 622 in-

374 647 518 682 bonum
548 645 652 693 quod
673 644 711 680 in
738 643 822 691 ipso
852 650 918 688 est,
939 650 1031 690 puta
1051 642 1243 678 scientiam
1261 642 1324 678 vel
1352 653 1436 678 san·
1463 652 1465 688 ζ
1493 648 1558 677 est.
1589 641 1637 677 Et
1666 640 1718 676 sic
1746 653 1824 678 non
1853 641 2015 689 pertinet
2041 641 2090 678 ad
2118 641 2217 678 hanc
2236 639 2415 676 virtutem
2444 638 2555 676 decli-

374 699 538 735 ctitatem
572 698 634 734 vel
671 696 811 745 aliquid
847 695 1082 732 huiusmodi.
1123 695 1241 741 Quod
1274 695 1317 731 fit
1357 694 1436 731 sine
1463 695 1464 721 ἓ
1492 706 1582 730 nare
1602 693 1640 730 in
1660 693 1808 729 minusz
1837 693 1926 741 quia
1945 706 2014 742 per
2032 694 2107 730 hoc
2126 694 2290 730 incurret
2308 698 2324 714 ³
2353 692 2500 728 falsum.
2531 713 2555 720 -

371 750 604 799 praeiudicio
641 749 827 786 veritatis:
863 748 952 796 quia
989 748 1028 784 in
1061 748 1195 784 maiori
1230 755 1286 784 est
1325 747 1437 784 etiam
1463 750 1464 792 ᾗ
1491 747 1540 783 Et
1566 754 1696 782 tamen
1715 746 1789 782 hoe
1809 746 1935 795 ipsum
1961 754 2060 783 esset
2087 746 2213 783 minus
2242 757 2457 794 repugnans
2480 744 2555 781 vir—

373 804 510 840 minus.
551 804 600 840 Et
627 802 839 839 secundum
867 802 960 847 hoc,
990 801 1086 837 haec
1117 801 1237 837 virtus
1275 800 1439 837 declinat
1463 806 1465 854 l
1491 800 1558 836 tuti
1574 797 1603 835 λε
1630 811 1708 835 non
1728 799 1884 846 quidem
1912 799 2123 836 secundum
2149 798 2344 847 propriam
2368 797 2552 834 rationem

371 857 410 893 in
430 856 566 893 minus.
594 856 680 892 Hoc
700 855 815 902 enim,
835 861 877 891 ut
895 853 1152 902 Philosophus
1172 853 1260 891 dicit
1279 853 1436 900 ibidem,
1463 859 1465 903 ζ
1491 852 1679 899 veritatis,
1724 851 1790 888 sed
1828 853 2040 889 secundum
2079 851 2265 889 rationem
2306 850 2553 899 prudentiae,

370 910 518 946 videtur
544 921 622 945 esse
645 909 883 956 prudentius,
907 913 1065 956 propter
1101 918 1282 944 onerosas
1308 918 1438 955 super·
1463 908 1465 950 ξ
1492 918 1608 955 quarn
1638 912 1788 953 oportet
1812 905 1948 941 salvari
1967 904 2006 941 in
2026 905 2207 941 omnibus
2230 903 2442 941 virtutibus.
2472 904 2554 940 Ma·

371 962 621 999 abundantias
640 973 718 998 esse
736 967 766 997 η.
797 961 986 998 Homines
1007 960 1108 997 enim
1129 961 1194 1009 qui
1222 959 1370 997 maiora
1390 960 1437 996 de
1463 960 1465 996 ἱ
1491 959 1546 1006 gis
1575 958 1676 995 enim
1706 965 1892 1006 repugnat
1918 956 2162 1006 prudentiae,
2191 957 2280 1006 quia
2306 956 2555 1005 periculosius

371 1015 504 1064 seipsis
525 1015 654 1052 dicunt
673 1027 792 1063 quam
812 1014 896 1062 sint,
913 1011 1023 1051 sunt⁰
1043 1013 1122 1050 aliis
1142 1013 1309 1057 onerosi,
1330 1012 1439 1062 quasi
1463 1001 1466 1078 i
1493 1019 1548 1048 est
1576 1019 1612 1048 et
1640 1010 1837 1048 onerosius
1866 1010 1974 1057 aliis,>
1990 1011 2094 1059 quod
2122 1010 2257 1059 aliquis
2285 1009 2471 1046 existimet
2492 1009 2555 1046 vel

371 1069 552 1105 excellere
582 1068 676 1105 alios
698 1068 892 1104 volentes:
922 1066 1100 1104 homines
1126 1074 1253 1103 autem
1275 1066 1339 1115 qui
1368 1066 1437 1102 mi-
1463 1079 1465 1098 1
1492 1065 1602 1102 iactet
1630 1076 1669 1101 se
1706 1065 1848 1100 habere
1883 1063 1989 1112 quod
2016 1075 2095 1100 non
2132 1063 2266 1110 habet,
2296 1074 2413 1111 quam
2449 1062 2553 1110 quod

370 1133 466 1158 nora
495 1121 542 1158 de
572 1121 704 1170 seipsis
734 1121 873 1167 dicunt,
904 1120 1057 1168 gratiosi
1087 1127 1190 1163 sunt,
1220 1118 1330 1167 quasi
1358 1118 1438 1155 aliis
1463 1147 1465 1199 4
1491 1130 1571 1155 non
1590 1117 1788 1163 existimet,
1804 1117 1866 1154 vel
1883 1117 1981 1154 dicat
2000 1129 2039 1153 se
2056 1128 2134 1153 non
2148 1116 2290 1153 habere
2306 1115 2413 1163 quod
2426 1115 2552 1152 habet.

371 1174 721 1211 condescendentes
755 1186 824 1222 per
852 1174 1046 1222 quandam
1076 1172 1382 1209 moderationem
1406 1171 1437 1207 ²¹⁶.
1464 1202 1465 1216 ,
1544 1171 1593 1206 Et
1620 1182 1688 1218 per
1716 1171 1791 1206 hoc
1818 1177 1921 1218 patet
1949 1169 2147 1218 responsio
2177 1169 2226 1206 ad
2255 1168 2414 1205 obiecta.

423 1307 448 1340 ζ)
467 1307 666 1340 afirmando.—
681 1314 733 1331 non
747 1306 956 1339 affirmandoL;
970 1305 1052 1333 Alias,
1065 1312 1116 1329 non
1127 1304 1289 1338 affirmando
1300 1311 1390 1335 margo
1403 1303 1432 1328 P.
1458 1302 1460 1344 Ι
1485 1302 1584 1332 ABFK,
1604 1302 1696 1326 dicant
1714 1308 1793 1334 quam
1812 1301 1866 1326 sint
1884 1301 1952 1326 sicut
1970 1301 2001 1332 E,
2019 1301 2113 1326 dicunt
2131 1307 2211 1333 quam
2229 1303 2292 1326 sunt
2309 1299 2462 1333 efficiuntur
2481 1298 2513 1324 G.

423 1343 450 1375 η)
471 1350 565 1367 esse.—
584 1343 644 1367 Om.
664 1341 734 1366 PGa.
1458 1345 1460 1367 π,
1540 1337 1559 1369 ι)
1578 1337 1689 1369 aliquid.
1701 1351 1719 1356 -
1739 1337 1800 1361 Om.
1820 1337 1848 1361 Ρ.

423 1376 447 1410 θ)
467 1378 559 1403 dicunt
577 1385 655 1409 quam
674 1377 740 1405 sint,
760 1379 830 1401 sunt.
842 1389 861 1394 -
880 1376 973 1400 dicant
996 1382 1076 1408 quam
1097 1375 1166 1400 sicut
1182 1373 1256 1408 (sint
1274 1372 1354 1407 sAK)
1371 1376 1434 1398 sunt
1458 1370 1460 1432 l
1540 1373 1569 1440 ἲ)
1586 1371 1977 1432 Ἐῑιὲῐᾌςΐζ-νέἲίεΐιὲἳῖαὲἒέξ,
1997 1371 2148 1396 incurreret
2165 1370 2334 1401 PCGHLsK,
2353 1369 2506 1394 immineret
2523 1370 2555 1394 A.

1040 1489 1377 1520 commentaria
1400 1486 1654 1520 cardinalis
1675 1485 1879 1519 Caietam·

401 1581 421 1600 N
445 1570 576 1600 articulo
601 1575 715 1610 quarto
740 1568 881 1599 eiusdem
907 1567 1201 1598 centesimaenonae
1228 1566 1435 1607 quaestionis,
1459 1576 1461 1607 ι
1488 1575 1559 1596 reos
1578 1565 1660 1596 dicat
1683 1575 1715 1595 se
1739 1565 1852 1595 habere
1877 1564 1968 1594 duos.
1986 1581 2007 1586 -
2030 1564 2204 1594 Declinare
2227 1572 2302 1594 vero
2318 1564 2350 1593 in
2368 1563 2476 1593 minus
2499 1567 2553 1593 ne·

374 1583 495 1650 Inota,
521 1613 654 1650 novitie‚
680 1613 769 1653 quod
792 1613 956 1643 declinare
980 1613 1012 1642 in
1037 1613 1144 1642 minus
1170 1611 1366 1652 affirmative
1389 1617 1435 1640 est
1459 1615 1461 1635 ⁴
1487 1611 1596 1651 gative
1619 1616 1665 1639 est
1687 1619 1801 1649 negare
1817 1615 1918 1639 totam
1942 1608 2009 1638 eius
2033 1607 2252 1649 quantitatem.
2281 1607 2321 1638 Et
2344 1606 2407 1637 hoc
2431 1612 2554 1637 constat

370 1658 524 1689 affirmare
548 1658 653 1688 minus
678 1667 775 1698 quam
798 1657 847 1687 sit.
873 1657 971 1694 Quod
996 1662 1119 1686 constat
1139 1665 1205 1685 non
1226 1665 1291 1685 esse
1308 1654 1433 1691 falsum,
1460 1637 1462 1694 l
1488 1663 1555 1684 esse
1584 1653 1718 1684 falsum:
1750 1653 1831 1683 sicut
1860 1652 1886 1683 si
1917 1652 2035 1683 habens
2066 1652 2176 1682 decem
2204 1651 2303 1682 dicat:
2336 1650 2451 1682 Habeo
2472 1650 2554 1682 dues

370 1703 445 1743 quia
460 1702 492 1732 in
509 1702 622 1732 maiori
638 1701 810 1732 includitur
834 1700 956 1731 minus:
982 1700 1063 1731 sicut
1078 1700 1103 1730 si
1119 1699 1238 1730 habens
1254 1700 1364 1729 decem
1379 1709 1433 1729 au·
1460 1695 1462 1731 l
1489 1703 1622 1728 tantum.

2583 332 2594 343 ⁸
2608 332 2675 355 Vero.
2688 332 2711 354 6.
