2860 4244
120 493 130 504 ⁸
145 493 168 514 1⁸
178 493 232 520 11¹³.
242 499 282 520 qu.
292 499 329 519 cv,

120 523 162 541 nrt.
176 525 196 545 π,
211 518 240 541 nd
257 525 280 548 9,
295 525 328 541 10.

103 2525 116 2537 ⁸
129 2525 198 2548 νει-ι.
210 2531 231 2554 5.

103 2739 114 2749 ·
128 2738 195 2761 Ven-
209 2744 234 2768 ²5
248 2745 301 2767 sqq.

104 2797 114 2807 ⁸
128 2795 195 2818 vers.
210 2801 244 2824 ²7-

103 2894 113 2904 ⁴
127 2893 194 2916 Vers.
209 2899 243 2922 25.

103 3211 112 3222 “
125 3192 192 3234 Vei-⁸-
211 3217 238 3239 τ,
253 3218 287 3234 ιο.
302 3222 313 3227 -

101 3237 138 3260 Cf.
152 3243 204 3266 etp.
213 3243 236 3266 u,
249 3244 284 3260 m.

1032 211 1296 257 QUAESTIO
1327 212 1462 259 CVIII,
1491 213 1786 251 ARTICULUS
1817 214 1866 250 IV

358 288 532 335 exemplo
547 288 692 336 peccati
707 289 821 325 sumit
837 289 1079 325 occasionem
1095 289 1291 337 peccandi.
1314 291 1414 337 Ergo

356 339 507 377 videtur
539 341 645 388 quod
673 354 751 378 non
778 342 823 378 sit
857 353 984 390 poena
1021 341 1153 378 mortis
1189 354 1259 390 pro
1288 343 1415 391 aliquo
1441 386 1442 396 γ

1440 398 1442 445 ζ
1468 396 1573 444 quod
1591 397 1714 444 perdit
1734 397 1899 442 divitias;
1929 399 2188 447 ignominiam,
2209 411 2278 447 per
2297 410 2412 448 quam
2441 411 2525 447 per-

356 400 515 441 peccato
544 393 759 442 infligenda.

411 445 485 482 SED
505 457 650 483 CONTRA
674 458 740 484 Esr
763 447 869 495 quod
898 446 934 483 in
962 447 1042 494 lege
1071 446 1198 483 divina
1226 448 1283 484 his
1302 452 1318 475 Υ
1345 449 1428 484 hu-‘

355 497 521 535 iusmodi
548 511 697 548 poenae
717 499 1025 545 determinantur,
1045 507 1087 536 ut
1106 511 1150 536 ex
1180 513 1293 548 supra
1311 501 1332 521 *
1361 501 1414 537 di-

357 550 424 587 ctis
451 559 564 600 patet.

410 604 634 642 Respownsso
654 616 837 642 DlCENDUM
861 604 966 652 quod
994 604 1198 641 vindicatio
1227 605 1413 642 intantum

355 655 452 693 licita
480 664 536 693 est
564 664 599 693 et
626 657 794 693 virtuosa
825 657 1050 705 inquantum
1087 658 1207 694 tendit
1235 659 1282 695 ad
1312 658 1413 695 cohi-

355 708 538 746 bitionem
577 710 777 746 malorum.
817 710 1053 747 Cohibentur
1088 719 1215 747 autem
1249 711 1362 759 aliqui
1391 723 1413 747 a

353 762 564 809 peccando,
585 762 649 811 qui
678 762 858 799 affectum
885 763 1032 800 virtutis
1061 775 1137 800 non
1167 764 1325 810 habent,
1346 775 1415 812 per

353 814 428 850 hoc
446 815 552 863 quod
570 815 701 852 timent
720 815 891 852 amittere
911 816 1034 864 aliqua
1055 828 1152 864 quae
1171 817 1255 864 plus
1284 823 1414 853 amant

353 877 469 914 quam
498 867 559 904 illa
587 880 687 916 quae
715 869 912 917 peccando
941 869 1219 918 adipiscuntur:
1253 869 1344 906 alias
1372 869 1412 905 ti-

353 930 439 955 mor
475 933 553 957 non
590 929 851 969 compesceret
885 930 1098 971 peccatum.
1135 923 1184 958 Et
1220 921 1306 958 ideo
1345 933 1413 970 per

352 972 647 1011 subtractionem
677 975 850 1012 omnium
879 987 978 1022 quae
1006 975 1126 1011 homo
1163 974 1328 1010 maxime
1358 974 1412 1011 di-

351 1025 439 1072 ligit,
461 1034 516 1064 est
534 1027 701 1064 vindicta
721 1028 768 1065 de
786 1027 951 1076 peccatis
972 1027 1168 1064 sumenda.
1200 1027 1307 1064 Haec
1326 1035 1413 1063 sunt

352 1085 479 1116 autem
508 1092 606 1129 quae
635 1081 755 1117 homo
784 1081 950 1117 maxime
980 1080 1114 1127 diligit:
1144 1079 1279 1126 vitam,
1309 1079 1411 1116 inco-

349 1131 559 1169 lumitatem
589 1133 770 1181 corporis,
791 1133 1000 1170 libertatem
1029 1132 1097 1179 sui,
1119 1140 1155 1169 et
1182 1133 1284 1169 bona
1312 1140 1410 1169 exte·

350 1183 461 1231 riora,
486 1193 578 1233 puta
606 1186 766 1232 divitias,
788 1186 950 1234 patriam
979 1193 1016 1222 et
1042 1185 1213 1233 gloriam.
1243 1186 1292 1222 Et
1310 1186 1408 1233 ideo,
1435 1201 1437 1207 ¹

348 1244 391 1273 ut
426 1238 658 1286 Augustinus
694 1239 826 1286 refert,
856 1240 943 1275 XXI
973 1239 1019 1275 de
1050 1239 1128 1275 Civ.
1159 1239 1234 1275 Dei
1258 1240 1297 1285 *,
1328 1245 1409 1275 octo

335 1318 338 1319 γ
346 1297 492 1338 genera
503 1293 509 1296 ’
512 1302 726 1340 poenarum
754 1292 791 1329 in
819 1292 965 1342 legibus
991 1303 1070 1328 esse
1095 1292 1223 1328 ‘scribit
1251 1292 1410 1328 Tullius:
1435 1332 1437 1345 ν

1435 1348 1628 1393 ‘cumque
1665 1346 1736 1382 alia
1764 1359 1879 1395 quarn
1917 1348 2034 1384 homo
2071 1348 2215 1394 horret,
2250 1360 2293 1384 ex
2327 1349 2400 1384 hoc
2435 1349 2518 1397 ipso

1435 1415 1437 1426 ι
1462 1399 1639 1434 voluntas
1668 1399 1747 1435 eius
1776 1411 1797 1435 a
1825 1400 2021 1447 peccando
2050 1401 2289 1438 abstrahitur:
2319 1401 2407 1450 quia
2436 1402 2519 1450 plus

348 1342 489 1380 scilicet
515 1351 686 1390 mortem,
715 1357 784 1393 per
811 1357 927 1394 quam
956 1344 1098 1381 tollitur
1123 1345 1221 1390 vita;
1251 1346 1408 1381 verbera

349 1402 385 1431 et
411 1396 587 1435 talionem
606 1401 664 1445 (ut
681 1398 821 1435 scilicet
848 1398 998 1435 oculum
1016 1409 1092 1446 pro
1121 1397 1229 1434 oculo
1248 1398 1407 1446 perdat),

346 1460 416 1496 per
449 1462 549 1500 quae
583 1451 718 1488 amittit
735 1449 749 1473 ⁶
778 1451 948 1500 corporis
976 1450 1296 1495 incolumitatem
1333 1462 1409 1486 ser—

2449 217 2525 261 413

1441 289 1443 328 l
1468 291 1618 327 vitutem
1648 299 1683 328 et
1711 292 1880 338 vincula,
1910 305 1978 341 per
2013 305 2108 342 quae
2146 294 2268 342 perdit
2300 294 2524 339 libertatem;

1469 344 1635 389 exilium,
1655 356 1724 392 per
1751 345 1855 392 quod
1883 346 2005 393 perdit
2027 346 2208 394 patriam;
2238 347 2429 391 damnum,
2459 359 2526 395 per

1469 448 1521 485 dit
1548 449 1719 496 gloriam.

1519 503 1578 537 AD
1606 514 1742 538 PRIMUM
1771 514 1869 539 ERGO
1889 515 2071 540 manDUM
2096 504 2200 553 quod
2229 505 2418 541 Dominus
2437 517 2523 553 pro-

1467 553 1570 590 hibet
1599 554 1779 591 eradicari
1808 555 1949 592 zizania
1977 557 2132 604 quando
2162 557 2313 594 timetur
2341 569 2388 593 ne
2413 558 2526 594 simul

1438 606 1440 608 ’
1466 617 1552 642 cum
1590 607 1642 643 eis
1669 608 1880 645 eradicetur
1906 615 1941 645 et
1967 610 2140 646 triticum.
2181 610 2257 647 Sed
2289 610 2522 659 quandoque

1465 667 1625 707 possunt
1662 660 1840 697 eradicari
1869 661 1957 698 mali
1994 674 2061 710 per
2095 670 2257 699 mortem
2287 675 2364 699 non
2398 665 2522 700 solum

1465 711 1544 747 sine
1574 711 1754 759 periculo,
1777 714 1843 750 sed
1873 715 1984 751 etiam
2015 727 2102 751 cum
2123 727 2261 763 magna
2280 716 2435 752 utilitate
2455 717 2521 752 bo-

1466 775 1615 800 norum.
1646 765 1695 800 Et
1722 765 1807 801 ideo
1827 766 1865 802 in
1885 767 1946 803 tali
1971 779 2060 804 casu
2088 775 2211 816 potest
2238 780 2362 816 poena
2391 768 2522 805 mortis

1464 817 1727 865 peccatoribus
1755 818 1880 866 infligi.

1518 871 1577 906 AD
1605 882 1794 907 SECUNDUM
1822 883 2005 909 DtCENDUM
2033 872 2138 920 quod
2158 885 2293 909 omnes
2321 881 2521 922 peccantes

1466 922 1672 958 mortaliter
1700 923 1800 971 digni
1829 932 1915 960 sunt
1935 933 2057 962 morte
2077 933 2228 962 aeterna
2257 934 2439 974 quantum
2471 927 2519 963 ad

1464 975 1629 1011 futuram
1658 976 1957 1023 retributionem,
1987 990 2084 1025 quae
2113 985 2168 1014 est
2194 979 2395 1015 secundum
2424 980 2519 1016 veri-

1465 1033 1575 1063 tatem
1595 1028 1712 1064 divini
1730 1029 1855 1066 iudicii
1871 1029 1902 1066 ²¹⁶.
1933 1030 2009 1067 Sed
2029 1043 2176 1079 poenae
2195 1032 2402 1079 praesentis
2421 1033 2518 1068 vitae
2548 1039 2557 1049 ·

1464 1087 1551 1116 sunt
1582 1081 1702 1128 magis
1731 1082 1985 1119 medicinales
2022 1084 2070 1120 Et
2098 1083 2183 1120 ideo
2212 1084 2281 1120 illis
2316 1085 2405 1121 solis
2433 1097 2518 1133 pec-

1465 1132 1554 1169 catis
1582 1146 1708 1182 poena
1728 1135 1858 1171 mortis
1878 1135 2056 1184 infligitur
2078 1149 2175 1185 quae
2195 1136 2233 1173 in
2253 1149 2406 1184 gravem
2437 1150 2519 1185 per-

1464 1186 1600 1222 niciem
1631 1187 1790 1224 aliorum
1821 1188 1968 1225 cedunt.

1515 1241 1573 1275 AD
1602 1251 1760 1277 TERTHJM
1789 1252 1971 1278 mel-:unum
1993 1242 2096 1289 quod
2117 1242 2271 1290 quando
2301 1243 2410 1279 simul
2432 1254 2519 1279 cum

1463 1293 1573 1340 culpa
1601 1292 1798 1330 innotescit
1831 1302 1866 1330 et
1893 1306 2036 1342 poena,
2065 1295 2126 1331 vel
2156 1295 2287 1331 mortis
2314 1296 2373 1331 vel
2405 1308 2519 1344 quae-

1461 1457 1574 1487 terret
1602 1463 1728 1499 poena
1747 1464 1864 1500 quam
1894 1453 2027 1490 alliciat
2046 1455 2264 1502 exemplum
2285 1455 2428 1502 culpae.

398 1580 424 1613 γ)
443 1580 494 1606 his.
507 1594 525 1599 -
543 1580 606 1606 Om.
625 1581 710 1606 PEIL.
722 1594 741 1601 -
759 1582 809 1606 Pro
823 1583 914 1613 patet,
934 1584 1048 1613 apparet
1073 1580 1177 1609 ABDF,
1193 1582 1271 1611 patet
1295 1582 1410 1611 apparet

346 1620 473 1647 expuncto
491 1615 572 1640 altero
588 1615 670 1640 verbo
688 1615 719 1641 Κ.
1249 1615 1253 1628 '

1516 1578 1540 1612 δ)
1560 1580 1668 1605 amittit.
1681 1595 1700 1600 —
1717 1582 1776 1613 quis
1796 1583 1863 1607 addit
1883 1583 1910 1607 P.

1018 1695 1354 1728 Commentariun
1377 1693 1629 1726 cardinalis
1651 1695 1852 1729 Caietani

299 1784 302 1787 ·
347 1784 395 1846 ΙΝ
419 1773 560 1805 eiusdem
579 1774 772 1816 quaestionis
795 1775 927 1806 articulo
950 1775 1052 1812 tertio,
1069 1776 1107 1806 ad
1124 1775 1310 1811 secundum,
1327 1781 1402 1806 nota

376 1819 586 1850 universalem
609 1819 746 1850 radicem
770 1820 853 1850 unde
877 1829 982 1860 poena
997 1820 1168 1860 corporalis
1188 1820 1299 1850 mortis
1322 1821 1402 1851 iuste

343 1861 441 1903 infligi
464 1864 503 1894 ab
526 1863 669 1894 humano
692 1863 760 1894 iure
783 1870 906 1904 potest:
931 1864 1060 1904 quando
1085 1864 1202 1895 scilicet
1230 1865 1348 1896 crimen
1371 1865 1404 1895 in

1456 1784 1582 1814 gravem
1607 1782 1653 1806 est
1668 1776 1802 1807 aliorum
1819 1778 2000 1818 perniciem.
2027 1780 2093 1810 Hac
2114 1780 2270 1820 siquidem
2289 1780 2326 1811 de
2346 1791 2438 1812 causa
2455 1782 2517 1813 fur-

1457 1825 1526 1850 tum
1546 1820 1641 1851 hodie
1665 1831 1768 1861 poena
1792 1823 1903 1853 mortis
1927 1823 2102 1854 damnatur.

1118 2019 1435 2063 ARTICULUS
1465 2020 1737 2072 QUARTUS

570 2101 726 2132 UTRUM
749 2100 958 2132 V1ND1CTA
977 2101 1043 2132 sn*
1067 2102 1330 2134 EXERCENDA
1354 2104 1396 2134 IN
1420 2104 1501 2135 Eos
1525 2104 1600 2142 Qut
1625 2105 1949 2137 INVOLUNTARIE
1973 2106 2292 2140 PECCAVERUNT

1206 2182 1228 2206 1·
1249 2182 1304 2212 11⁸⁶.
1324 2191 1370 2216 qu.
1388 2191 1496 2215 Lxxxvn,
1516 2189 1562 2208 art.
1582 2192 1606 2216 7.
1625 2183 1650 2209 8.

381 2278 433 2307 252
455 2278 526 2319 Q«
553 2271 576 2296 n
596 2271 769 2302 QUARTUM
789 2271 842 2297 sm
862 2271 1102 2298 PROCEDITUR.
1122 2261 1282 2298 Videtur
1300 2262 1403 2310 quod

391 2310 414 2354 ’ἦ
471 2301 522 2371 {id
546 2312 719 2350 >vindicta
754 2312 800 2349 sit
835 2314 1044 2351 exercenda
1077 2314 1115 2350 in
1155 2327 1220 2351 eos
1249 2315 1313 2363 qui
1350 2315 1405 2352 in-

360 2394 380 2414 4,
404 2404 405 2407 ,
455 2411 459 2413 Α
498 2361 764 2403 voluntarie
792 2374 1058 2414 peccaverunt.
1087 2367 1273 2404 Voluntas
1302 2369 1403 2405 enim

510 2409 665 2455 unius
693 2431 771 2456 non
809 2419 1053 2468 consequitur
1086 2421 1324 2458 voluntatem
1353 2422 1403 2458 al-

340 2469 466 2507 terius.
489 2470 566 2508 Sed
584 2484 683 2508 unus
702 2471 856 2520 punitur
873 2484 944 2521 pro
965 2473 1058 2509 alio:
1080 2474 1292 2511 secundum
1312 2474 1403 2511 illud

340 2522 464 2560 Exod.
484 2534 532 2558 xx
549 2524 586 2561 *ε
605 2525 692 2574 Ego
711 2537 794 2562 sum
815 2526 918 2562 Deus
937 2526 1078 2574 zelotes,
1097 2527 1251 2563 visitans
1271 2527 1403 2575 iniqui-

341 2581 452 2612 tatem
474 2583 629 2623 patrum
658 2578 695 2614 in
703 2577 822 2626 filios,
843 2579 880 2615 in
909 2578 1055 2615 tertiam
1079 2585 1115 2615 et
1140 2585 1314 2628 quartam
1337 2592 1402 2630 ge-

342 2628 583 2667 nerationem.
621 2630 732 2668 Unde
771 2637 807 2667 et
840 2643 910 2679 pro
946 2639 1101 2680 peccato
1141 2633 1266 2670 Cham
1304 2633 1430 2683 Cha-¹

342 2693 462 2728 naan,
502 2682 601 2719 filius
646 2683 743 2730 eius,
789 2684 1013 2721 maledictus
1051 2693 1125 2731 est,
1163 2693 1204 2722 ut
1241 2686 1403 2723 habetur

345 2733 438 2770 Gen.
463 2745 498 2770 ix
516 2734 546 2771 ³⁸.
577 2734 681 2772 Giezi
710 2735 822 2773 etiam
846 2744 1041 2784 peccante,
1063 2738 1166 2785 lepra
1186 2739 1401 2775 transmitti-

340 2794 401 2823 tur
429 2786 477 2823 ad
501 2795 686 2835 posteros,
714 2796 755 2825 ut
778 2789 939 2826 habetur
958 2790 1010 2826 IV
1027 2790 1124 2839 Reg.
1145 2802 1168 2826 v
1186 2790 1217 2827 *.
1240 2791 1401 2839 Sanguis

310 2840 313 2842 ’
342 2839 455 2876 etiam
475 2839 613 2876 Christi
632 2841 755 2878 reddit
780 2854 928 2890 poenae
948 2842 1135 2879 obnoxios
1161 2855 1400 2881 successores
1426 2881 1428 2885 ,

341 2892 582 2940 Iudaeorum,
604 2893 668 2942 qui
693 2893 876 2940 dixerunt,
900 2895 1032 2931 Matth.
1054 2907 1152 2931 xxvn
1171 2894 1206 2931 *τ
1236 2897 1400 2946 Sanguis
1426 2914 1427 2923 ¹

340 2944 418 2981 eius
453 2958 565 2994 super
601 2958 684 2992 nos,
714 2952 750 2983 et
782 2959 894 2995 super
909 2947 1016 2994 filios
1052 2953 1207 2991 nosthS.
1246 2949 1400 2997 Legitur

340 2997 454 3034 etiam
491 2998 595 3047 quod
629 3011 699 3047 pro
734 3007 891 3048 peccato
924 3001 1051 3037 Achar
1083 3002 1248 3049 populus
1286 3002 1400 3038 Israel

307 3074 314 3081 -
339 3050 496 3088 traditus
531 3058 586 3088 est
612 3052 650 3088 in
687 3064 824 3089 manus
859 3052 1044 3099 hostium,
1078 3060 1119 3089 ut
1150 3053 1311 3090 habetur
1337 3055 1398 3091 Io-

337 3115 405 3140 sue
431 3115 491 3141 v11.
531 3104 580 3141 Et
606 3117 676 3153 pro
705 3112 861 3153 peccato
890 3104 1058 3143 filiorum
1087 3106 1174 3142 Heli
1201 3105 1302 3144 idem
1331 3120 1399 3155 po-

338 3157 450 3205 pulus
479 3157 618 3194 corruit
645 3157 683 3194 in
708 3166 912 3206 conspectu
939 3158 1235 3206 Philistinorum,
1264 3167 1306 3196 ut
1332 3161 1398 3197 ha-

338 3210 450 3246 betur
477 3210 490 3246 l
520 3210 618 3260 Reg.
648 3222 683 3247 ιν
700 3210 731 3247 *.
762 3212 864 3259 Ergo
885 3211 1017 3260 aliquis
1038 3212 1314 3249 involuntarius
1344 3221 1398 3250 est
1423 3251 1425 3266 Ι

337 3263 566 3311 puniendus.

393 3327 427 3352 2.
448 3316 681 3362 PRAETEREA,
697 3315 786 3353 illud
808 3316 932 3353 solum
949 3324 1004 3354 est
1017 3315 1276 3354 voluntarium
1292 3318 1396 3367 quod

338 3376 394 3405 est
422 3369 459 3405 in
489 3375 674 3417 potestate
702 3368 880 3405 hominis.
912 3369 988 3406 Sed
1017 3370 1249 3419 quandoque
1270 3383 1395 3419 poena

389 3500 416 3532 α)
431 3503 629 3532 paupertatem.
643 3515 659 3519 -
674 3500 838 3532 pravitatem
858 3501 887 3525 P.

1458 2263 1613 2299 infertur
1640 2275 1710 2311 pro
1740 2276 1787 2300 eo
1816 2264 1919 2311 quod
1950 2277 2027 2301 non
2057 2273 2112 2302 est
2139 2265 2175 2302 in
2206 2267 2286 2303 eius
2314 2274 2515 2316 potestate:

1458 2315 1553 2352 sicut
1578 2323 1734 2364 propter
1752 2316 1886 2353 vitium
1915 2319 2043 2366 leprae
2062 2318 2195 2367 aliquis
2224 2328 2443 2357 removetur
2467 2322 2515 2358 ab

1457 2368 1781 2406 administratione
1819 2370 2020 2416 ecclesiae;
2060 2379 2095 2408 et
2130 2380 2286 2420 propter
2317 2382 2517 2422 pauperta-

1457 2430 1534 2458 tem
1565 2427 1581 2442 α
1615 2430 1678 2458 aut
1715 2422 1896 2460 malitiam
1936 2423 2073 2461 civium
2108 2425 2266 2462 ecclesia
2297 2427 2419 2474 perdit
2457 2440 2516 2464 ca-

1457 2475 1628 2511 thedram
1659 2475 1927 2524 episcopalem.
1957 2477 2059 2524 Ergo
2080 2489 2156 2514 non
2178 2479 2300 2515 solum
2329 2492 2399 2528 pro
2427 2493 2514 2529 pec-

1458 2535 1541 2564 cato
1569 2528 1782 2564 voluntario
1811 2528 1976 2566 vindicta
2004 2530 2169 2567 infertur.

1512 2581 1545 2618 3.
1566 2581 1799 2628 PRAETEREA,
1823 2581 2031 2629 ignorantia
2060 2590 2188 2620 causat
2206 2583 2512 2623 involuntarium.

1459 2633 1536 2670 Sed
1573 2633 1739 2670 vindicta
1780 2634 2012 2683 quandoque
2056 2644 2248 2673 exercetur
2289 2637 2326 2673 in
2367 2638 2514 2687 aliquos

1455 2686 1681 2733 ignorantes,
1711 2687 1863 2724 Parvuli
1884 2688 1984 2724 enim
2015 2689 2311 2736 Sodomitarum,
2340 2690 2425 2727 licet
2447 2692 2513 2727 ha-

1428 2745 1429 2749 ’
1456 2739 1588 2775 berent
1606 2739 1882 2786 ingnorantiam
1902 2740 2168 2787 invincibilem,
2186 2754 2274 2779 cum
2293 2743 2512 2791 parentibus

1427 2787 1429 2806 ⁴
1455 2791 1647 2839 perierunt
1662 2789 1687 2838 β,
1717 2799 1757 2828 ut
1784 2791 1917 2840 legitur
1949 2793 2039 2830 Gen.
2060 2806 2119 2830 xlx
2138 2794 2168 2831 *.
2192 2794 2369 2832 Similiter
2398 2796 2509 2833 etiam

1454 2844 1601 2892 parvuli
1620 2857 1689 2893 pro
1709 2853 1866 2893 peccato
1881 2846 2031 2882 Dathan
2051 2854 2087 2882 et
2101 2847 2245 2884 Abiron
2265 2848 2402 2896 pariter
2423 2862 2509 2886 cum

1455 2897 1507 2933 eis
1537 2897 1704 2945 absorpti
1730 2905 1834 2944 sunt,
1863 2905 1904 2934 ut
1930 2898 2091 2935 habetur
2116 2900 2235 2937 Num.
2255 2912 2315 2937 xvt
2334 2900 2364 2938 *.
2394 2903 2510 2939 Bruta

1454 2949 1567 2986 etiam
1597 2950 1795 2996 animalia,
1825 2963 1923 2998 quae
1953 2959 2080 2988 carent
2107 2952 2266 2999 ratione,
2295 2954 2396 2990 iussa
2425 2963 2511 2992 sunt

1453 3002 1612 3039 interfici
1639 3015 1710 3050 pro
1737 3011 1894 3051 peccato
1920 3004 2227 3053 Amalecitarum,
2251 3014 2292 3043 ut
2314 3007 2475 3044 habetur
2495 3009 2507 3044 1

1452 3055 1549 3104 Reg.
1570 3066 1618 3091 xv
1636 3054 1667 3092 ²¹².
1697 3055 1798 3103 Ergo
1818 3056 1985 3093 vindicta
2008 3058 2239 3107 quandoque
2261 3067 2453 3097 exercetur
2471 3060 2509 3098 in

1452 3107 1737 3145 involuntarios.

1504 3172 1542 3207 4.
1576 3161 1817 3207 ΡιῐΛΕΤΕιὶΕΑ,
1849 3162 1994 3199 coactio
2027 3162 2192 3200 maxime
2228 3172 2410 3212 repugnat
2440 3177 2508 3201 vo-

1451 3213 1623 3250 luntario.
1655 3214 1731 3251 Sed
1761 3213 1892 3263 aliquis
1921 3215 1984 3263 qui
2012 3215 2146 3252 timore
2175 3225 2327 3253 coactus
2356 3218 2507 3266 aliquod

1450 3275 1649 3315 peccatum
1670 3267 1876 3313 committit,
1894 3279 1971 3304 non
1992 3277 2145 3317 propter
2163 3270 2236 3305 hoc
2252 3277 2396 3306 reatum
2417 3283 2507 3318 poe-

1451 3331 1523 3356 nae
1553 3318 1690 3356 evadit.
1721 3319 1822 3367 Ergo
1850 3320 2016 3357 vindicta
2037 3329 2228 3358 exercetur
2248 3323 2360 3359 etiam
2388 3322 2426 3359 in
2454 3323 2507 3359 in-

1450 3372 1699 3409 voluntarios.

1501 3502 1525 3535 β)
1542 3504 1689 3535 perierunt.
1702 3518 1720 3523 —
1739 3507 1826 3529 tamen
1842 3505 1983 3536 perierunt
2001 3506 2045 3530 Pa.

2539 2835 2548 2843 ⁵
2563 2834 2630 2856 Vers.
2644 2840 2676 2862 25⁴

2538 2912 2546 2919 '
2562 2908 2629 2930 Vers.
2648 2914 2674 2935 ²7
2696 2914 2747 2936 sqq.

2537 3067 2547 3076 ⁸
2561 3065 2628 3087 Vers.
2642 3071 2663 3092 2,
2677 3072 2697 3093 3.
