2860 4244
8 540 20 552 ⁸
28 537 85 565 cap.
97 542 136 563 xx,
151 541 219 557 xxm.

926 292 1192 339 QUAESTIO
1221 293 1344 340 XCV,
1373 293 1670 330 ARTICULUS
1699 293 1730 329 II

244 377 372 417 sortes,
388 383 488 408 nunc
500 383 574 419 per
591 372 768 422 auguria,
785 382 886 408 nunc
903 382 953 407 ex
966 370 1274 418 contemplatione
1288 369 1303 400 β

246 425 469 461 umbrarum
511 424 776 473 comprehendi
814 424 970 460 videtur.
1020 423 1133 459 Haec
1178 429 1302 460 autem

245 477 372 518 omnia
410 477 625 525 operatione
665 477 891 514 daemonum
914 476 1011 524 fieri
1049 488 1122 512 non
1165 477 1302 513 dubito.

246 529 322 566 Sed
341 530 437 567 sicut
454 530 686 577 Augustinus
713 529 812 576 dicit,
828 529 865 565 in
886 530 917 565 II
934 529 979 566 de
992 529 1100 565 Doct.
1122 529 1254 566 Christ.
1271 528 1302 576 ³¹²,
1330 526 1332 558 ἶ

245 582 429 631 quidquid
456 582 627 632 procedit
647 594 690 619 ex
719 583 896 619 societate
917 582 1151 618 daemonum
1181 590 1218 619 et
1236 583 1304 618 ho·
1330 585 1331 588 ’

245 635 392 672 minum
413 635 715 684 superstitiosum
735 642 801 671 est.
823 635 925 682 Ergo
946 634 1126 671 divinatio
1147 643 1203 671 est
1222 646 1306 683 spe-

246 687 322 724 cies
349 687 633 736 superstitionis.

297 738 523 778 Respouneo
560 751 744 777 met-:nuum
779 739 903 788 quod,
939 739 1034 776 sieut
1067 752 1180 788 supra
1204 739 1225 761 '³‘
1253 739 1306 776 di-

245 799 348 830 ctum
375 800 442 840 est,
468 792 680 841 superstitio
709 792 889 841 importat
920 792 1130 830 indebitum
1164 793 1305 833 cultum

245 845 458 882 divinitatis.
485 846 547 882 Ad
567 846 710 883 cultum
739 853 867 882 autem
885 846 959 882 Dei
986 846 1150 894 pertinet
1167 843 1307 892 aliquid

245 898 451 947 dupliciter.
481 899 568 936 Uno
589 899 720 946 modo,
743 911 829 935 cum
854 898 995 947 aliquid
1014 899 1099 935 Deo
1129 897 1306 934 offertur:

218 991 222 994 ,
242 952 306 989 vel
324 951 563 998 sacrificium,
584 952 646 988 vel
666 951 820 998 oblatio,
834 952 897 988 vel
916 951 1056 1000 aliquid
1075 949 1305 987 huiusmodi.
1332 949 1334 954 ’

243 1003 329 1041 Alio
350 1005 481 1052 modo,
502 1017 590 1041 cum
610 1004 751 1052 aliquid
771 1004 943 1041 divinum
963 1003 1183 1040 assumitur:
1214 1002 1307 1039 sicut

209 1078 216 1116 ζ
244 1056 384 1094 dictum
415 1066 470 1094 est
497 1069 612 1106 supra
630 1056 651 1079 '¹‘
671 1058 717 1095 de
737 1057 964 1094 iuramento.
994 1057 1043 1092 Et
1061 1055 1149 1092 ideo
1178 1056 1224 1092 ad
1246 1067 1306 1092 su·
1333 1052 1334 1059 ’

243 1110 502 1158 perstitionem
530 1110 692 1159 pertinet
711 1122 790 1146 non
818 1110 942 1146 solum
964 1121 1051 1145 cum
1078 1107 1307 1145 sacrificium

245 1163 497 1200 daemonibus
526 1162 685 1199 offertur
710 1174 780 1211 per
807 1162 1070 1207 idololatriam,
1097 1161 1164 1198 sed
1182 1161 1306 1197 etiam
1333 1160 1335 1188 ἕ

245 1219 332 1252 cum
361 1216 494 1264 aliquis
522 1216 680 1252 assumit
706 1215 886 1252 auxilium
912 1215 1146 1251 daemonum
1175 1213 1223 1251 ad
1243 1213 1306 1250 ali-

244 1267 334 1318 quid
354 1269 571 1306 taciendum
590 1269 653 1305 vel
674 1269 996 1316 cognoscendum.
1021 1267 1159 1304 Omnis
1179 1275 1307 1304 autem

245 1320 427 1359 divinatio
448 1321 734 1370 e25‚9peratione
759 1322 994 1358 daemonum
1023 1320 1218 1369 provenit:
1246 1321 1308 1357 vel

241 1371 546 1426 quiff‘te'xpresse
586 1375 794 1411 daemones
836 1374 1064 1411 invocantur
1100 1374 1146 1410 ad
1184 1374 1308 1410 futura

244 1426 540 1473 manifestanda3
579 1429 640 1464 vel
676 1427 765 1476 quia
805 1427 1014 1471 daemones
1057 1439 1097 1463 se
1134 1427 1309 1474 ingerunt

96 1475 107 1485 ”
134 1476 178 1515 ‘2¹⁹²
203 1511 205 1513 .
227 1479 354 1519 vanis
380 1478 686 1529 inquisitionibus
721 1481 956 1527 futurorum,
985 1488 1027 1517 ut
1060 1487 1208 1516 mentes
1239 1479 1308 1515 ho-

242 1533 390 1580 minum
423 1533 617 1583 implicent
650 1533 835 1579 vanitate3
875 1534 923 1570 de
958 1545 1034 1582 qua
1069 1532 1235 1569 vanitate
1270 1531 1309 1568 in
1334 1555 1335 1558 =

243 1587 384 1626 Psalm.
403 1587 424 1610 '¹‘
452 1587 603 1624 dicitur:
631 1587 723 1624 Non
743 1587 908 1638 respexit
924 1586 961 1623 in
986 1586 1168 1623 vanitates
1192 1590 1228 1621 et
1254 1585 1308 1621 in·
1334 1587 1335 1592 ’

61 1633 84 1655 '²
120 1634 165 1673 ''n-⁴
221 1641 370 1678 sanias
392 1640 531 1689 salsas.
560 1639 669 1677 Vana
704 1647 831 1676 autem
868 1638 1059 1688 inquisitio
1097 1639 1308 1674 futurorum

284 1770 323 1804 μβ)
341 1777 380 1796 ex
396 1770 655 1803 contemptatione-
669 1778 721 1802 per
738 1770 988 1802 contemplationem
1008 1771 1037 1794 P.

295 1807 324 1840 γ)
346 1806 421 1831 Unde
439 1806 609 1839 manifestum
627 1810 676 1832 est.
688 1820 708 1825 -
724 1806 899 1839 Manifestum
918 1809 958 1831 est
976 1813 1041 1839 ergo
1060 1806 1107 1831 Pa.

295 1840 321 1875 ὃ)
340 1841 514 1874 operationis.
526 1855 546 1860 —
564 1842 652 1874 operis
670 1841 818 1866 ABDFGL.

254 1873 272 1881 “’
294 1878 318 1909 ¹2)
331 1880 455 1903 terrena.
467 1891 487 1896 —
503 1881 615 1902 aeterna
633 1877 686 1907 ΑΒ,
705 1877 770 1908 (non
786 1877 976 1910 promittebat)
993 1879 1104 1901 aeterna
1122 1876 1152 1901 F.

281 1912 322 1946 “ζ)
337 1913 513 1946 pertinentes.
525 1927 544 1932 -·
557 1912 756 1945 pertinentibus
775 1913 804 1938 P.

2342 296 2415 331 313

1358 378 1413 407 est
1448 370 1604 419 quando
1641 370 1774 419 aliquis
1809 371 1975 407 futurum
2009 382 2259 419 praenoscere
2303 381 2419 411 tentat

1328 424 1458 475 {unde
1493 423 1692 471 praenosci
1730 435 1808 460 non
1849 431 1984 472 potest.
2027 424 2138 460 Unde
2177 425 2418 464 manifestum

1358 483 1413 512 est
1430 481 1447 504 Υ
1475 476 1580 524 quod
1601 476 1781 513 divinatio
1806 477 1951 526 species
1971 477 2245 526 superstitionis
2275 486 2341 516 est.

1410 530 1469 564 An
1499 540 1635 573 ramum
1654 541 1752 566 ERGO
1781 541 1965 566 montinum
1994 530 2099 577 quod
2129 530 2308 568 divinatio
2336 545 2420 581 per-

1357 580 1448 617 tinet
1467 582 1515 617 ad
1537 581 1788 618 curiositatem
1809 590 1992 630 quantum
2011 583 2059 619 ad
2079 583 2198 620 finem
2221 584 2417 632 intentum,

1331 665 1332 671 ,
1358 633 1423 681 qui
1451 641 1508 669 est
1533 635 1791 682 praecognitio
1820 635 2046 672 futurorum.
2078 637 2154 673 Sed
2182 638 2343 685 pertinet
2371 639 2419 676 ad

1331 696 1332 700 ¹
1359 685 1666 734 superstitionem
1687 695 1872 736 quantum
1897 689 1945 725 ad
1965 689 2126 725 modum
2148 691 2378 738 operationis
2392 690 2418 728 ⁶:

1411 739 1470 774 An
1491 749 1680 776 SECUNDUM
1699 752 1883 778 mcaNDUM
1902 741 2007 789 quod
2028 741 2247 780 huiusmodi
2275 743 2420 781 divina-

1359 790 1410 826 tio
1429 790 1590 839 pertinet
1614 792 1662 829 ad
1683 794 1823 829 cultum
1844 795 2091 841 daemonum,
2111 795 2336 843 inquantum
2357 797 2420 834 ali-

1360 842 1444 890 quis
1463 843 1577 879 utitur
1595 845 1764 892 quodam
1784 854 1896 894 pacto
1917 847 2030 883 tacito
2050 849 2112 884 vel
2133 861 2311 897 expresso
2332 863 2420 888 cum

1332 907 1334 946 ἐ
1360 896 1626 933 daemonibus.

1413 950 1472 984 An
1491 960 1651 986 TERTmM
1679 961 1862 987 mcENDuM
1882 952 1987 999 quod
2006 952 2044 989 in
2072 965 2175 990 nova
2202 954 2283 1002 lege
2313 967 2421 992 mens

1359 1001 1526 1038 hominis
1555 1010 1702 1038 arcetur
1729 1015 1751 1039 a
1784 1005 2053 1051 temporalium
2091 1006 2356 1045 sollicitudine:
2387 1017 2423 1045 et

1360 1053 1447 1090 ideo
1476 1066 1554 1090 non
1583 1062 1639 1091 est
1666 1055 1703 1091 in
1732 1068 1834 1092 nova
1863 1057 1943 1104 lege
1972 1057 2111 1105 aliquid
2140 1059 2349 1098 institutum
2374 1062 2422 1099 ad

1334 1107 1709 1155 ¹praecognitionem
1748 1116 1954 1145 eventuum
1992 1110 2205 1148 futurorum
2245 1113 2292 1149 de
2328 1122 2423 1150 tem-

1360 1160 1554 1209 poralibus
1583 1162 1709 1197 rebus.
1740 1162 1782 1198 In
1800 1162 1919 1198 veteri
1940 1170 2067 1199 autem
2096 1165 2188 1212 lege,
2210 1177 2308 1213 quae
2335 1179 2422 1215 pro-

1334 1252 1335 1255 ,
1362 1213 1533 1250 mittebat
1560 1220 1707 1251 terrena
1727 1219 1752 1261 ²,
1774 1222 1879 1251 erant
1900 1216 2192 1253 consultationes
2217 1219 2263 1255 de
2292 1219 2424 1256 futuris

1361 1267 1409 1303 ad
1438 1266 1658 1314 religionem
1693 1267 1924 1316 pertinentes
1944 1267 1974 1305 t:
2003 1269 2105 1306 unde
2144 1270 2278 1307 dicitur
2306 1272 2422 1308 Isaiae

1361 1319 1478 1356 V111*:
1505 1321 1557 1356 Et
1591 1332 1677 1357 cum
1705 1321 1871 1358 dixerint
1905 1322 1956 1358 ad
1980 1333 2070 1358 vos:
2101 1323 2277 1364 Quaerite
2303 1337 2327 1361 α
2349 1337 2424 1373 py-

1361 1373 1533 1410 thonibus
1560 1379 1597 1409 et
1621 1385 1645 1410 a
1673 1374 1826 1420 divinis,
1858 1375 1923 1422 qui
1947 1375 2102 1411 strident
2119 1381 2136 1403 η
2165 1377 2424 1414 incantationi-

1362 1426 1430 1462 bus
1455 1426 1549 1471 suis,
1579 1426 1721 1472 subdit,
1751 1426 1858 1475 quasi
1887 1429 2198 1475 responsionem:
2228 1430 2426 1479 Numquid

1334 1516 1335 1519 ,
1361 1490 1436 1514 ηοη
1459 1479 1623 1527 populus
1650 1491 1674 1516 a
1702 1481 1784 1516 Deo
1821 1492 1889 1516 suo
1926 1479 2119 1529 requiret0
2147 1482 2327 1519 visionem
2348 1495 2424 1532 pro

1361 1531 1455 1567 vivis
1473 1537 1510 1568 et
1522 1531 1709 1569 mortuis?
1723 1553 1747 1560 -
1764 1533 1932 1570 Fuerunt
1946 1541 2075 1571 tamen
2094 1540 2101 1555 ²
2120 1534 2157 1571 in
2172 1547 2275 1572 novo
2292 1537 2425 1573 Testa-

1362 1592 1492 1620 mento
1522 1584 1635 1621 etiam
1661 1585 1775 1634 aliqui
1802 1586 2024 1634 prophetiae
2043 1593 2060 1608 ²
2088 1581 2261 1636 spiritum
2281 1589 2424 1626 haben-

1334 1657 1336 1681 ς
1360 1644 1427 1683 tes,
1450 1637 1515 1684 qui
1544 1639 1663 1674 multa
1692 1639 1739 1674 de
1759 1638 1892 1675 futuris
1921 1640 2122 1676 eventibus
2141 1642 2423 1688 praedixerunt.

1331 743 1333 759 i

1332 776 1333 792 i

1332 822 1333 844 l

1332 1794 1333 1798 ,
1412 1768 1440 1801 η)
1459 1768 1585 1793 strident.
1597 1782 1618 1788 -
1634 1769 1744 1793 student
1762 1769 1970 1801 FGHLpADsK,
1990 1777 2043 1794 om.
2062 1770 2081 1795 1.

1332 1808 1334 1849 ¹7
1412 1802 1436 1836 Θ)
1456 1804 1582 1836 requiret.
1596 1817 1616 1823 —
1631 1804 1757 1844 requirat
1774 1805 1850 1834 ABF,
1870 1805 1984 1837 requirit
2003 1805 2122 1846 GpCDL.
2377 1845 2383 1850 .

1414 1839 1432 1872 ι)
1451 1842 1550 1864 tamen.
1562 1852 1583 1858 —
1600 1842 1680 1866 enam
1706 1843 1795 1865 tamen
1821 1840 1872 1871 BF,
1891 1844 1979 1865 tamen
2004 1844 2085 1865 ettam
2105 1841 2188 1872 DKL;
2212 1850 2327 1875 sequens
2345 1848 2427 1870 etiam

1331 1861 1334 1902 l
1359 1883 1412 1900 om.
1433 1874 1577 1904 ABCDFK,
1596 1877 1623 1899 et
1640 1875 1697 1899 EG.

1331 1910 1334 1933 l
1412 1911 1438 1942 κ)
1453 1910 1623 1942 prophetiae.
1635 1924 1655 1929 —
1667 1910 1819 1942 prophetae
1837 1910 1976 1943 PCEHpK,
1992 1911 2106 1943 prophe'
2125 1912 2166 1937 ed.
2185 1920 2211 1937 a.

911 1997 1246 2032 Commenta-ia
1267 1996 1520 2030 cardinalis
1541 1995 1743 2029 Caietam·

273 2089 294 2110 ιι
319 2078 457 2114 ,articulo
486 2079 627 2109 secundo
657 2079 800 2110 eiusdem
829 2079 1182 2120 nonagesimaequintae
1213 2089 1310 2120 quae-

246 2091 396 2160 lationis,
418 2122 492 2154 vide
513 2123 548 2154 in
569 2123 681 2164 primis
703 2124 792 2164 quod
815 2124 896 2155 ratio
919 2124 1151 2164 superstitionis
1173 2123 1207 2154 in
1231 2123 1309 2154 divi-

243 2167 426 2200 nationibus
450 2174 496 2198 est
518 2167 593 2208 quia
615 2167 770 2198 auxilium
791 2168 1036 2199 daemoniacum
1060 2168 1240 2199 assumitur.
1269 2168 1311 2198 Et
1336 2169 1338 2218 ξ

243 2211 316 2243 ideo
340 2212 380 2242 ad
404 2212 466 2242 hoc
488 2218 616 2252 oportet
637 2222 762 2253 semper
779 2213 947 2253 inspicere:
972 2219 1003 2243 et
1023 2212 1098 2243 hinc
1120 2212 1198 2243 scire
1221 2212 1312 2252 quod

245 2255 398 2287 divinatio
422 2265 460 2286 ex
481 2265 593 2295 genere
617 2266 677 2287 suo
701 2257 835 2287 mortale
858 2263 1023 2297 peccatum
1047 2263 1108 2292 est,
1133 2263 1164 2287 et
1186 2257 1224 2287 ab
1249 2257 1310 2286 Ec-

245 2299 338 2331 clesia
363 2300 520 2337 damnata,
545 2307 696 2341 tanquam
719 2301 867 2331 diabolici
890 2301 993 2331 cultus
1020 2311 1092 2341 pars
1123 2310 1160 2331 ex
1183 2300 1310 2341 propria

246 2351 358 2376 natura
380 2344 503 2384 operi83
527 2351 563 2375 ut
586 2345 698 2375 diffuse
720 2345 817 2376 habes
840 2345 873 2376 in
896 2345 1046 2381 Decretis,
1069 2345 1182 2382 XXV1,
1206 2355 1260 2386 qu.
1283 2355 1309 2380 1,

188 2405 192 2412 ›
247 2389 326 2425 293,
339 2397 372 2428 4,
393 2389 408 2418 5
433 2395 464 2419 et
486 2399 518 2430 7,
542 2388 598 2419 ubi
620 2389 785 2420 materiam
807 2389 898 2420 istius
921 2389 1115 2430 quaestionis
1147 2395 1311 2420 tractatam

245 2432 351 2464 videre
374 2439 476 2472 potes.

288 2476 337 2507 -In
359 2476 475 2506 eodem
491 2476 635 2512 articulo,
660 2485 736 2508 nota
759 2478 848 2518 quod
872 2478 990 2517 duplex
1004 2477 1036 2507 in
1057 2477 1158 2508 littera
1181 2477 1312 2517 ponitur
1337 2507 1338 2524 ἢ

245 2520 410 2562 inquisitio
425 2530 484 2561 pro
500 2521 706 2551 divinatione:
725 2521 841 2552 scilicet
853 2521 1019 2552 manifeste
1031 2522 1216 2562 perniciosa,
1229 2531 1311 2562 quae

246 2564 365 2596 seilicet
386 2571 433 2595 est
455 2574 530 2595 cum
544 2575 688 2605 expressa
711 2566 906 2596 daemonum
925 2565 1143 2602 invocatione;
1168 2573 1199 2596 et
1220 2576 1310 2602 vana,

247 2618 329 2650 quae
357 2608 476 2639 scilieet
502 2615 549 2640 est
570 2611 699 2650 quando
721 2611 838 2650 aliquis
859 2610 1015 2651 futurum
1033 2619 1312 2650 praecognoscere

248 2658 350 2684 tentat
371 2653 457 2683 unde
466 2655 702 2694 praecognosci
724 2664 787 2685 non
804 2660 920 2694 potest.
944 2654 985 2684 Et
1007 2654 1084 2684 haec
1107 2661 1236 2694 propter
1259 2654 1312 2684 ad-

198 2711 199 2714 *
248 2696 436 2728 mixtionem
450 2697 608 2728 occultam
624 2698 820 2729 daemonum
835 2705 882 2729 est
895 2698 1080 2738 perniciosa,
1098 2699 1153 2729 sed
1169 2698 1311 2729 occulte:

197 2759 204 2766 ·
249 2748 287 2772 ut
299 2740 438 2780 amplius
451 2740 532 2771 infra
546 2741 564 2760 *
586 2742 714 2781 patebit.
738 2743 779 2773 Et
801 2743 864 2773 hoc
879 2749 1006 2783 oportet
1026 2753 1147 2774 servare
1162 2753 1221 2783 pro
1241 2742 1311 2773 fun·

249 2784 405 2816 dumentis
428 2785 461 2815 in
485 2791 551 2816 tota
574 2786 703 2816 materia
727 2786 900 2817 divinandi:
929 2787 1084 2828 quoniam
1107 2787 1140 2817 in
1163 2787 1212 2817 his
1236 2797 1311 2817 con-

249 2828 332 2860 sistit
352 2828 494 2865 formale,
511 2829 550 2859 ad
569 2830 658 2870 quod
681 2837 809 2870 oportet
828 2831 993 2861 resolvere.
1018 2831 1064 2861 Ex
1080 2831 1128 2860 his
1145 2831 1230 2861 enim
1245 2841 1311 2861 non

250 2873 368 2904 scimus
391 2883 431 2903 an
446 2873 516 2904 talis
531 2873 705 2914 inquisitio,
729 2881 806 2914 puta
829 2883 885 2915 per
899 2875 1034 2911 somnia,
1049 2885 1106 2915 per
1123 2881 1232 2911 sortes,
1256 2885 1313 2915 per

250 2923 342 2954 astra,
366 2926 422 2957 per
435 2916 544 2954 lineas,
561 2924 630 2954 etc„
654 2918 694 2948 sit
707 2927 802 2948 vana:
826 2919 882 2949 sed
897 2925 1022 2949 tantum
1036 2919 1070 2949 in
1085 2929 1152 2959 quo
1171 2919 1313 2949 formalis

250 2960 330 2992 ratio
353 2961 576 2992 daemoniacae
599 2961 813 3002 inquisitionis
836 2969 979 3002 respectu
1003 2962 1186 2993 futurorum
1210 2963 1314 2993 consi·
1338 2970 1340 2994 ί

250 3011 320 3042 stat,
337 3005 454 3036 scilicet
475 3012 531 3036 aut
552 3005 585 3036 in
602 3015 744 3046 expressa
760 3006 970 3043 invocatione,
990 3013 1045 3037 aut
1063 3006 1155 3037 tacita
1177 3017 1233 3047 per
1251 3007 1313 3038 hoc
1338 3011 1340 3019 ¹

251 3049 340 3090 quod
353 3059 434 3080 vana
451 3048 487 3080 fit
505 3049 603 3080 futuri
623 3049 798 3090 inquisitio.
821 3050 853 3081 Si
877 3060 971 3081 nosse
993 3057 1101 3081 autem
1118 3051 1165 3081 vis
1184 3061 1223 3081 an
1243 3051 1313 3082 talis

250 3093 416 3134 inquisitio
432 3093 473 3124 sit
485 3103 576 3130 vana,
593 3101 720 3134 oportet
742 3094 876 3125 formale
898 3095 938 3125 ad
958 3095 1054 3125 talem
1069 3095 1233 3126 materiam
1257 3106 1312 3136 ap-

251 3137 384 3178 plicare,
408 3144 439 3168 et
461 3137 566 3168 videre
588 3137 614 3168 si
637 3138 711 3168 inde
740 3138 885 3169 futurum
909 3145 1013 3179 potest
1041 3139 1090 3169 vel
1113 3149 1178 3170 non
1207 3147 1314 3180 potest
1339 3144 1340 3160 ³

252 3181 488 3223 praecognosci.
523 3182 565 3212 Et
587 3188 753 3222 propterea
782 3183 941 3223 oportebit
962 3183 995 3213 in
1019 3183 1150 3223 singulis
1174 3184 1312 3215 articulis

252 3225 458 3267 sequentibus
490 3225 613 3266 singula
647 3226 839 3264 examinare,
863 3233 1021 3268 quantum
1055 3228 1142 3258 Deus
1176 3228 1310 3259 dederit:
1338 3222 1340 3229 ’

252 3280 293 3301 ne
315 3270 462 3300 homines
487 3269 572 3301 docti
594 3279 653 3300 nos
668 3270 828 3301 derideant
850 3277 1004 3312 tanquam
1025 3272 1119 3303 rudes
1137 3272 1313 3304 auferentes

253 3324 271 3345 a
294 3314 387 3344 rebus
411 3323 462 3344 eas
485 3323 567 3355 quae
588 3313 622 3345 in
645 3314 689 3344 eis
712 3315 855 3346 occultae
876 3322 950 3347 sunt
968 3316 1176 3353 conditiones,
1193 3323 1225 3348 et
1241 3317 1314 3348 dae-

253 3357 344 3389 moni
359 3358 575 3395 attribuentes;
600 3364 632 3388 et
653 3367 693 3389 ne
707 3359 867 3399 sapientes
884 3361 917 3390 in
933 3360 1035 3391 oculis
1048 3362 1117 3391 suis
1135 3361 1225 3402 quasi
1245 3361 1312 3392 sine

253 3402 374 3433 ratione
397 3402 479 3433 dicta
495 3402 604 3432 omnia
626 3402 806 3442 promiscue
825 3403 1007 3444 despiciant,
1032 3405 1087 3435 sed
1109 3405 1245 3436 habeant
1266 3416 1314 3437 ra-

253 3446 365 3483 tiones,
382 3446 499 3487 quibus
517 3446 645 3477 obedire
661 3447 754 3477 debet
771 3447 911 3478 humana
924 3448 1020 3484 ratio;
1045 3455 1076 3479 et
1098 3455 1135 3479 ut
1156 3449 1214 3479 viri
1236 3449 1314 3480 boni

253 3497 420 3531 peceatum
442 3500 514 3532 non,
531 3490 663 3521 timeant
685 3491 740 3521 ubi
763 3498 929 3531 peecatum
951 3501 1018 3522 non
1041 3499 1097 3523 est.

310 3534 348 3566 11.
372 3534 519 3566 Occurrit
540 3541 646 3565 tamen
669 3541 742 3565 ante
757 3535 866 3566 omnia
888 3535 1033 3572 dubium,
1057 3546 1155 3577 quare
1169 3547 1249 3567 vana
1267 3537 1315 3567 in-

255 3577 384 3619 quisitio
414 3578 597 3609 futurorum
620 3578 659 3609 sit
686 3579 878 3620 perniciosa:
909 3589 950 3610 an
973 3589 1009 3610 ex
1036 3581 1164 3621 propria
1186 3587 1312 3619 natura;

397 3640 507 3666 Suum
525 3640 627 3666 Timor..
645 3641 678 3667 D.
689 3640 804 3666 Taousa
821 3640 854 3666 Τ.
868 3641 910 3666 Vl.

1335 2081 1337 2111 Ι
1363 2088 1404 2107 an
1419 2077 1495 2117 quia
1511 2076 1669 2117 prohibita
1685 2083 1716 2107 et
1731 2077 1880 2108 damnata
1895 2078 1934 2108 ab
1950 2078 2099 2110 Ecclesia.
2119 2079 2160 2110 Et
2179 2087 2225 2110 est
2243 2081 2323 2111 ratio
2340 2082 2427 2113 dubi=

1335 2114 1338 2166 i
1363 2121 1519 2162 quoniam
1539 2130 1622 2151 vana
1638 2121 1814 2161 appellatur
1832 2121 1865 2151 in
1882 2122 2048 2162 proposito
2063 2122 2227 2163 inquisitio
2251 2134 2288 2155 ex
2304 2126 2429 2157 defectu

1364 2176 1382 2195 a
1404 2165 1476 2201 fine,
1493 2166 1569 2205 quia
1588 2164 1706 2196 scilicet
1725 2175 1791 2196 non
1810 2172 1915 2205 potest
1934 2167 2058 2207 assequi
2073 2167 2231 2198 intentum
2247 2167 2353 2206 finem,
2374 2171 2430 2211 qui

1336 2229 1337 2234 ,
1365 2216 1410 2240 est
1434 2209 1574 2249 cognitio
1598 2208 1782 2240 futurorum
1806 2219 1860 2240 seu
1885 2211 2102 2241 occultorum:
2128 2219 2163 2242 ut
2185 2219 2272 2252 patet
2295 2223 2332 2244 ex
2355 2214 2429 2245 defi-

1364 2254 1484 2284 nitione
1507 2254 1541 2284 in
1563 2253 1665 2284 littera
1688 2254 1802 2294 posita,
1827 2264 1909 2294 quae
1924 2254 1988 2284 iam
2002 2255 2019 2274 *
2042 2262 2227 2295 praenotata
2242 2264 2298 2288 est.
2324 2258 2430 2299 Inqui—

1365 2298 1436 2328 sitio
1468 2303 1576 2328 autem
1604 2297 1648 2328 sic
1675 2308 1755 2328 vana
1784 2308 1851 2328 non
1875 2305 1921 2329 est
1950 2309 1987 2329 ex
2009 2309 2122 2339 genere
2146 2310 2205 2331 suo
2235 2301 2428 2340 perniciosa:

1336 2351 1338 2385 j
1364 2342 1519 2383 quoniam
1538 2341 1654 2372 multas
1678 2349 1801 2373 constat
1824 2352 1892 2373 esse
1914 2342 2136 2383 inquisitiones
2151 2355 2248 2375 vanas
2272 2355 2338 2376 non
2361 2357 2430 2387 per-

1336 2394 1338 2408 *
1364 2387 1510 2422 niciosas,
1527 2394 1563 2417 ut
1586 2386 1612 2416 si
1636 2386 1707 2426 quis
1727 2394 1857 2427 quaerat
1875 2388 2079 2426 smaragdum
2093 2388 2126 2418 in
2141 2389 2269 2419 cerebro
2285 2390 2429 2429 gallinae.

1336 2441 1338 2474 ᾗ
1364 2431 1430 2461 Nec
1453 2430 1548 2461 etiam
1572 2440 1608 2460 ex
1631 2440 1670 2460 eo
1698 2431 1788 2471 quod
1811 2431 1851 2461 ad
1875 2431 2090 2471 cognitionem
2114 2433 2230 2469 tendit,
2254 2434 2432 2473 perniciosa

1337 2475 1338 2489 ¹
1365 2482 1429 2505 est:
1454 2474 1716 2515 quandoquidem
1739 2481 1770 2505 et
1791 2485 1870 2505 vane
1893 2475 2052 2516 inquirere
2075 2477 2301 2516 speculativam
2323 2479 2431 2518 cogni-

1337 2556 1339 2561 >
1365 2519 1506 2557 tionem,
1531 2526 1608 2558 puta
1631 2518 1854 2558 geometriam,
1879 2529 1898 2549 a
1923 2519 2158 2557 iureconsulto,
2183 2528 2238 2552 aut
2260 2523 2431 2561 practicam

1337 2570 1339 2585 ι
1366 2563 1462 2593 etiam
1484 2563 1517 2593 in
1541 2562 1723 2602 agibssffius,
1748 2570 1825 2603 puta
1848 2563 2017 2594 consilium
2045 2565 2083 2594 de
2112 2565 2231 2605 aliquid
2255 2567 2389 2606 agendo,
2413 2578 2431 2597 a

1338 2627 1339 2639 η
1365 2617 1477 2647 puero,
1493 2607 1637 2643 stultum,
1654 2608 1720 2637 n'on
1736 2607 1950 2647 perniciosum
1968 2615 2024 2639 est.
2043 2609 2108 2639 Nec
2125 2609 2219 2639 etiam
2235 2620 2271 2640 ex
2287 2620 2325 2640 eo
2342 2612 2431 2651 quod

1365 2652 1405 2681 ad
1428 2651 1534 2682 futura
1555 2651 1606 2681 vel
1629 2651 1754 2682 occulta
1776 2652 1971 2688 terminatur,
1995 2653 2171 2692 perniciosa
2190 2660 2251 2684 est:
2276 2655 2432 2694 quoniam

1365 2696 1391 2726 si
1415 2696 1486 2736 quis
1509 2695 1630 2726 illamet
1660 2695 1767 2726 futura
1791 2703 1846 2726 aut
1869 2696 1992 2726 occulta
2022 2697 2061 2727 ab
2088 2697 2219 2727 homine
2242 2698 2429 2738 inquireret,

1338 2759 1339 2775 ;
1364 2750 1444 2770 vane
1471 2739 1662 2780 inquireret,
1687 2739 1842 2780 quoniam
1871 2740 1924 2770 ille
1948 2750 2014 2770 non
2042 2747 2147 2780 potest
2170 2741 2198 2771 ei
2223 2742 2296 2772 dare
2321 2743 2358 2772 de
2381 2743 2430 2773 his

1338 2779 1339 2793 ¹
1364 2783 1520 2819 notitiam,
1539 2793 1604 2814 non
1628 2790 1734 2814 tamen
1758 2783 1934 2823 perniciose
1956 2784 2138 2824 inquireret.
2162 2785 2213 2821 Et,
2231 2786 2372 2822 breviter,
2397 2787 2431 2816 in

1338 2863 1339 2867 Ἰ
1366 2827 1551 2858 huiusmodi
1575 2827 1833 2868 inquisitionibus
1857 2828 1957 2867 magis
1976 2828 2093 2859 relucet
2115 2828 2280 2859 hominem
2296 2830 2430 2860 stultum

1338 2871 1340 2899 ἑ
1366 2882 1464 2912 quam
1486 2871 1703 2911 perniciosum
1719 2881 1795 2902 esse.
1819 2889 1840 2894 -
1863 2872 1904 2902 Et
1928 2871 2141 2903 confirmatur.
2166 2873 2251 2910 Quia
2266 2873 2347 2904 sicut
2363 2884 2429 2904 non

1348 2909 1413 2947 Rt
1440 2915 1655 2956 perniciosum
1679 2925 1715 2946 ex
1739 2925 1798 2946 suo
1821 2925 1935 2954 genere
1958 2916 2155 2947 committere
2175 2917 2304 2948 vanitati
2328 2917 2430 2948 fortu-

1366 2970 1425 2990 nae
1448 2959 1593 2990 futurum
1616 2959 1797 2990 dominium
1817 2960 1977 2990 exterioris
1992 2960 2046 2996 rei,
2071 2960 2167 2991 etiam
2190 2971 2264 2991 cum
2285 2962 2430 3001 periculo

1366 3003 1537 3044 perdendi,
1562 3010 1597 3034 ut
1620 3002 1655 3033 fit
1684 3003 1717 3033 in
1741 3003 1892 3034 omnibus
1920 3003 2004 3034 ludis
2034 3004 2195 3041 fortunae;
2228 3005 2271 3035 ita
2295 3015 2360 3036 non
2384 3013 2431 3037 est

1366 3047 1580 3088 perniciosum
1604 3047 1800 3078 committere
1824 3047 1970 3079 fortunae
1983 3048 2112 3079 vanitati
2135 3049 2350 3088 cognitionem
2368 3050 2430 3080 sin-

1366 3091 1542 3131 gularium,
1567 3101 1648 3131 quae
1671 3101 1737 3121 non
1761 3098 1835 3122 sunt
1864 3092 1903 3122 de
1930 3092 2122 3132 perfectione
2145 3093 2338 3130 intellectus,
2363 3094 2430 3125 sine

1367 3136 1521 3176 cuiusque
1545 3136 1675 3166 damno.
1699 3136 1771 3166 Hoc
1794 3142 1902 3167 autem
1923 3136 2076 3177 importat
2098 3147 2179 3167 vana
2194 3137 2357 3178 inquisitio
2382 3138 2430 3168 fu-

1338 3190 1340 3218 }
1366 3187 1522 3211 tutorum.
1542 3197 1564 3202 -
1582 3180 1657 3210 Non
1673 3186 1720 3210 est
1735 3189 1810 3220 ergo
1832 3190 1868 3211 ex
1888 3181 2016 3221 propria
2032 3188 2142 3212 natura
2161 3181 2336 3221 perniciosa
2350 3192 2430 3213 vana

1367 3223 1530 3264 inquisitio
1553 3223 1754 3260 futurorum,
1779 3224 1834 3255 sed
1857 3234 1894 3255 ex
1916 3221 2074 3256 Ecssesiae
2097 3225 2320 3265 prohibitione,
2344 3225 2430 3256 iuxta

1367 3269 1490 3299 dictum
1512 3267 1662 3304 Gratiani,
1686 3268 1799 3305 XXVI,
1824 3279 1879 3309 qu.
1899 3279 1931 3306 11,
1956 3279 2024 3309 cap.
2042 3269 2130 3300 Sors.

1422 3312 1458 3342 In
1470 3312 1658 3352 oppositum
1669 3319 1777 3343 autem
1793 3319 1839 3343 est
1853 3313 1927 3353 quia
1942 3313 2018 3343 haec
2030 3313 2233 3344 inveniuntur
2247 3313 2280 3343 in
2293 3320 2430 3354 utroque

1367 3357 1574 3388 Testamento
1602 3357 1765 3393 damnata,
1795 3356 1912 3388 scilicet
1940 3367 1958 3387 a
1980 3357 2091 3397 Moyse
2111 3357 2130 3376 *
2153 3364 2183 3388 et
2211 3357 2312 3387 Paulo
2342 3360 2430 3398 Apo-

1368 3401 1451 3431 stolo
1465 3400 1493 3431 *.
1517 3400 1715 3431 Huiusmodi
1737 3407 1844 3431 autem
1871 3411 1936 3431 non
1959 3407 2034 3431 sunt
2057 3401 2141 3431 mala
2163 3401 2238 3442 quia
2260 3401 2428 3442 prohibita,

1367 3445 1422 3474 sed
1445 3444 1517 3474 ideo
1536 3444 1697 3484 prohibita
1720 3445 1795 3485 quia
1819 3444 1912 3475 mala.

1423 3488 1475 3519 111.
1499 3488 1550 3518 Ad
1574 3488 1763 3519 evidentiam
1785 3488 1891 3524 huius,
1915 3488 2080 3519 sciendum
2103 3495 2150 3519 est
2171 3499 2267 3520 vanas
2291 3489 2431 3520 occulto-

1367 3541 1440 3562 rum
1462 3532 1682 3573 inquisitiones
1707 3532 1872 3572 dupliciter
1896 3531 1962 3562 fieri
1986 3539 2099 3572 posse:
2127 3533 2249 3573 primo,
2274 3540 2310 3564 ut
2331 3542 2428 3570 vana;

1367 3576 1519 3613 secundo,
1545 3583 1580 3607 ut
1603 3576 1692 3607 utilia
1715 3577 1754 3606 ad
1774 3575 1990 3616 cognitionem
2008 3576 2219 3608 occultorum.
2244 3577 2276 3608 Si
2299 3577 2377 3608 fiant
2395 3585 2430 3609 ut

2254 3653 2289 3677 4⁰

2457 2267 2466 2276 ⁸
2476 2265 2547 2288 Num.
2562 2266 2667 2294 praeced.

2456 3370 2466 3381 ⁸
2472 3369 2541 3391 Dent.
2547 3375 2598 3397 cap.
2604 3376 2668 3397 xvm,

2456 3401 2516 3418 vers.
2531 3402 2563 3422 ιο,
2578 3402 2603 3418 n.

2457 3424 2467 3435 ⁸
2479 3422 2517 3445 Aa
2532 3422 2599 3450 Gal„
2614 3429 2666 3451 cap.

2457 3455 2668 3504 82.'A.⁶‘5.·0¹.‘}‚².¹;;¹1

2457 3508 2516 3525 vers.
2531 3508 2566 3530 19.
