2860 4244
196 870 205 879 ⁸
221 868 285 889 Vers.
300 874 318 896 5,
335 867 356 888 6.

195 1028 204 1037 ⁸
212 1027 234 1047 1³
246 1027 299 1053 11³²,
309 1033 348 1054 qu.
356 1033 401 1053 ων,

194 1058 236 1075 art.
251 1059 270 1079 2,
286 1053 313 1074 ad
329 1059 345 1074 ι.

191 1346 201 1355 ·
216 1345 281 1366 Vers.
298 1345 320 1366 6.

191 3007 200 3016 ⁸
215 3006 271 3034 Cap.
286 3013 317 3028 vi.

191 3273 200 3283 ⁴
216 3272 283 3294 Vere.
297 3279 327 3301 3¹·

191 3422 202 3432 ’
216 3423 266 3444 Art.
289 3428 312 3448 ι,
328 3422 356 3443 ad
378 3429 401 3448 ις

192 3451 233 3470 art.
249 3454 270 3470 2.

437 314 508 350 180

487 405 521 430 2.
544 394 774 438 PRAETEREA‚
791 391 902 427 unius
922 389 1066 426 virtutis
1088 401 1184 424 unus
1205 387 1356 424 videtur
1381 399 1461 423 esse
1478 392 1494 408 ‘²

433 453 557 483 actus:
578 445 729 481 habitus
744 444 844 480 enim
858 443 1136 489 distinguuntur
1146 439 1358 476 secundum
1378 447 1493 476 actus.

433 497 638 545 Religionis
658 505 785 533 autem
807 495 911 531 multi
932 502 1019 530 sunt
1039 501 1165 529 actus:
1195 492 1292 528 sicut
1312 492 1439 528 colere
1462 499 1496 528 et

433 551 586 596 servire,
607 561 764 594 vovere,
781 560 901 594 orare,
922 546 1147 591 sacrificare,
1170 553 1205 581 et
1224 546 1344 582 multa
1365 545 1494 582 huius-

433 603 548 639 modi.
572 603 672 649 Ergo
694 601 820 647 religio
842 612 919 636 non
941 607 995 635 est
1015 611 1090 634 una
1109 598 1240 635 virtus.

487 656 520 692 3.
543 656 774 699 PRAETEREA,
797 652 968 689 adoratio
996 651 1044 687 ad
1066 650 1288 698 religionem
1316 650 1491 698 pertinet.
1519 671 1521 696 3

433 708 509 744 Sed
530 706 699 744 adoratio
720 705 792 741 alia
813 705 956 741 ratione
977 703 1176 741 adhibetur
1195 703 1436 751 imaginibus,
1459 711 1495 740 et
1519 715 1521 746 ζ

433 759 502 796 alia
527 759 595 807 ipsi
615 760 710 794 Deo.
743 758 840 794 Cum
870 769 957 804 ergo
988 756 1138 793 diversa
1167 756 1261 793 ratio
1292 756 1494 804 distinguat

431 812 597 857 virtutes,
623 810 773 846 videtur
793 810 896 858 quod
926 809 1054 857 religio
1085 822 1164 846 non
1193 809 1238 846 sit
1262 822 1339 846 una
1359 810 1492 846 virtus.

486 864 559 900 SED
579 875 723 900 CONTRA
743 875 808 899 EST
828 863 932 911 quod
952 862 1088 899 dicitur
1105 863 1241 911 Ephes.
1264 874 1299 899 1v
1313 862 1352 898 *ε
1389 864 1494 900 Unus

430 918 544 962 Deus,
575 928 649 952 una
667 917 779 963 fideS.
810 916 887 953 Sed
915 927 1007 953 vera
1036 915 1167 963 religio
1195 923 1428 964 protestatur
1450 916 1493 952 fi·
1518 938 1520 974 ἐ

431 970 519 1006 dem
547 969 660 1005 unius
688 968 771 1005 Dei.
802 969 904 1016 Ergo
935 968 1063 1016 relIgio
1094 976 1150 1005 est
1177 980 1256 1006 una
1283 968 1417 1005 virtus.

484 1023 708 1059 RESPONDEO
744 1033 929 1059 memnon
957 1021 1083 1069 quod,
1114 1021 1210 1072 sicut
1238 1033 1355 1070 supra
1380 1021 1399 1043 ’¹‘
1426 1021 1493 1057 ha·
1518 1043 1520 1065 ς

431 1075 550 1111 bitum
571 1082 661 1120 rest,
700 1074 850 1111 habitus
880 1074 1160 1122 distinguuntur
1188 1075 1402 1112 secundum
1441 1074 1494 1111 di·
1518 1068 1520 1101 ἶ

430 1139 581 1164 versam
615 1127 802 1164 rationem
831 1127 980 1164 obiecti.
1019 1128 1080 1164 Ad
1110 1128 1334 1177 religionem
1364 1134 1492 1164 autem

430 1180 588 1229 pertinet
617 1180 792 1217 exhibere
814 1180 1066 1217 reverentiam
1085 1181 1152 1217 uni
1171 1182 1256 1217 Deo
1278 1180 1491 1217 secundum

429 1245 546 1270 unam
576 1234 780 1280 rationem,
810 1233 1037 1282 inquantum
1071 1233 1210 1270 scilicet
1239 1241 1294 1270 est
1322 1233 1490 1282 primum

428 1286 656 1335 principium
677 1286 876 1322 creationis
897 1294 932 1322 et
950 1286 1236 1334 gubernationis
1257 1298 1403 1322 rerum:
1423 1298 1492 1321 un·
1517 1310 1518 1338 l

430 1340 477 1376 de
497 1339 577 1387 ipse
597 1339 692 1385 dicit,
714 1339 876 1375 Malach.
894 1351 903 1375 1
919 1338 953 1375 *ε
986 1339 1028 1374 Si
1045 1350 1116 1387 ego
1137 1340 1262 1384 Pater,
1284 1339 1348 1374 uhi
1369 1339 1492 1374 honor

429 1392 560 1428 meus?
578 1391 693 1439 patris
714 1391 814 1428 enim
837 1399 892 1427 est
919 1399 956 1427 et
972 1391 1189 1439 producere
1211 1398 1247 1427 et
1265 1391 1489 1438 gubernare.
1517 1428 1519 1436 ,

429 1445 478 1481 Et
493 1444 579 1481 ideo
595 1444 835 1480 manifestum
855 1451 908 1480 est
924 1444 1029 1491 quod
1044 1444 1178 1492 religio
1196 1451 1252 1480 est
1267 1456 1344 1480 una
1359 1443 1489 1480 virtus.

480 1499 538 1533 AD
568 1509 703 1533 PRIMUM
732 1508 830 1533 ERGO
860 1508 1044 1533 DICENDUM
1066 1497 1175 1545 quod
1204 1505 1278 1533 tres
1298 1498 1492 1533 Personae

429 1550 580 1586 divinae
610 1557 698 1586 sunt
724 1561 845 1586 unum
874 1549 1104 1598 principium
1138 1550 1338 1587 creationis
1368 1558 1404 1586 et
1428 1562 1494 1597 gu-

428 1602 658 1639 bernationis
687 1614 835 1639 rerum:
867 1610 903 1639 et
921 1602 1008 1639 ideo
1039 1602 1092 1639 eis
1116 1616 1194 1640 una
1218 1603 1399 1651 religione
1419 1615 1494 1639 ser-

1082 309 1347 356 QUAESTIO
1378 310 1552 357 LXXXI,
1581 310 1877 347 ARTICULUS
1908 310 1958 346 IV

1549 387 1660 424 vitur.
1690 387 1872 425 Diversae
1895 395 2020 424 autem
2043 387 2206 424 rationes
2233 387 2497 424 attributorum
2519 401 2608 426 con-v

1521 439 1522 443 ’
1551 448 1704 476 currunt
1731 442 1779 478 ad
1808 441 1993 477 rationem
2022 439 2135 488 primi
2163 439 2356 488 principii:
2387 441 2473 489 quia
2501 442 2606 478 Deus

1549 492 1724 540 producit
1752 494 1881 530 omnia
1911 501 1947 529 et
1974 493 2160 540 gubernat
2188 492 2384 541 sapientia,
2410 494 2606 531 voluntate

1550 553 1585 581 et
1602 545 1772 593 potentia
1799 546 1975 582 bonitatis
1995 557 2098 582 suae.
2130 546 2178 582 Et
2198 545 2283 582 ideo
2306 545 2432 593 religio
2454 553 2508 583 est
2530 558 2607 583 una

1546 597 1677 634 virtus.

1600 652 1658 686 AD
1679 661 1868 687 SECUNDUM
1887 662 2070 688 montinum
2090 650 2196 698 quod
2216 650 2354 687 eodem
2381 657 2466 687 actu
2486 651 2605 688 homo

1548 703 1662 739 servit
1684 703 1769 739 Deo
1786 711 1823 740 et
1843 703 1930 740 colit
1947 703 2092 752 ipsum:
2118 715 2208 740 narn
2229 705 2350 741 cultus
2369 703 2520 752 respicit
2533 704 2607 741 Dei

1549 755 1821 803 excellentiam,
1843 756 1903 791 cui
1922 756 2132 793 reverentia
2159 757 2332 803 debetur3
2361 756 2522 794 servitus
2541 769 2607 794 au-

1519 822 1520 830 *
1547 816 1625 845 tem
1663 808 1814 856 respicit
1849 808 2124 846 subiectionem
2157 809 2340 857 hominis,
2369 809 2434 858 qui
2463 821 2509 846 ex
2537 822 2606 847 sua

1549 861 1764 898 conditione
1785 861 1971 908 obligatur
1990 861 2040 898 ad
2069 861 2325 900 exhibendum
2352 862 2604 900 reverentiam

1548 915 1646 951 Deo.
1676 915 1725 950 Et
1745 914 1793 951 ad
1811 914 1908 950 haec
1937 913 2014 950 duo
2033 914 2224 962 pertinent
2251 927 2387 953 omnes
2411 923 2515 952 actus
2541 916 2606 965 qui

1548 967 1716 1015 religioni
1738 967 2007 1004 attribuuntur:
2032 966 2121 1014 quia
2134 979 2204 1015 per
2222 980 2359 1006 omnes
2377 969 2498 1006 homo
2517 980 2605 1018 pro-

1548 1027 1702 1057 testatur
1717 1020 1886 1057 divinam
1908 1019 2166 1057 excellentiam
2194 1028 2230 1057 et
2253 1021 2528 1058 subiectionem
2548 1022 2606 1058 sui

1547 1074 1595 1110 ad
1623 1074 1764 1119 Deum,
1784 1074 1846 1110 vel
1876 1072 2090 1110 exhibendo
2118 1073 2258 1122 aliquid
2284 1074 2328 1121 ei,
2349 1075 2412 1111 vel
2433 1074 2571 1111 iterum
2590 1072 2606 1104 β

1547 1126 1780 1163 assumendo
1809 1125 1951 1173 aliquid
1980 1126 2165 1163 divinum.

1600 1180 1658 1215 AD
1678 1190 1838 1216 TERTIUM
1856 1190 2041 1216 montinum
2061 1179 2166 1227 quod
2194 1178 2421 1227 imaginibus
2445 1191 2525 1216 non
2545 1191 2606 1216 ex-

1546 1231 1696 1268 hibetur
1724 1231 1911 1279 religionis
1947 1233 2068 1268 cultus
2100 1231 2311 1269 secundum
2341 1232 2447 1281 quod
2481 1231 2520 1269 in
2549 1244 2606 1270 se—

1546 1284 1636 1332 ipsis
1666 1285 1964 1332 considerantur,
1982 1285 2104 1332 >quasi
2132 1297 2193 1322 res
2218 1285 2432 1333 quaedam:
2460 1285 2528 1322 sed
2548 1297 2605 1322 se-

1547 1337 1715 1373 cundum
1745 1337 1850 1384 quod
1879 1345 1967 1374 sunt
1985 1337 2171 1385 imagines
2200 1338 2382 1375 ducentes
2410 1338 2449 1376 in
2476 1338 2604 1375 Deum

1545 1389 1794 1426 incarnatum.
1839 1390 1969 1426 Motus
1997 1397 2126 1427 autem
2154 1390 2220 1439 qui
2249 1399 2304 1428 est
2330 1391 2370 1429 in
2397 1391 2604 1439 imaginem

1545 1449 1659 1491 prout
1687 1450 1742 1479 est
1769 1442 1912 1490 imag0,
1941 1454 2020 1480 non
2049 1442 2141 1480 sistit
2159 1448 2175 1471 Υ
2203 1443 2242 1480 in
2268 1444 2361 1492 ipsa,
2391 1444 2460 1481 sed
2485 1444 2606 1483 tendit

1546 1495 1584 1532 in
1603 1495 1642 1532 id
1659 1495 1764 1532 cuius
1785 1503 1840 1532 est
1858 1495 1985 1543 imago
2000 1495 2031 1532 ²³⁸.
2057 1496 2106 1532 Et
2125 1496 2213 1533 ideo
2235 1508 2280 1533 ex
2294 1497 2369 1534 hoc
2387 1497 2494 1545 quod
2511 1497 2605 1535 ima·
2631 1503 2643 1514 ⁴
2688 1501 2844 1553 kbssmss

1519 1557 1521 1582 l
1546 1548 1694 1596 ginibus
1732 1548 1868 1585 Christi
1903 1548 2099 1586 exhibetur
2126 1549 2314 1597 religionis
2353 1551 2493 1597 cultus,
2525 1562 2606 1588 non
2631 1535 2844 1610 ¹⁸5·T7²¹·„·¹⁶5‘·m'-'

1547 1601 1821 1638 diversificatur
1849 1601 1942 1638 ratio
1972 1602 2119 1649 latriae,
2149 1614 2220 1639 nec
2247 1603 2367 1640 virtus
2402 1599 2604 1651 religionis.

479 1735 505 1766 α)
526 1734 632 1759 videtur
650 1741 712 1759 esse.
725 1747 743 1752 -
762 1737 801 1758 est
819 1734 847 1758 P.

479 1769 503 1802 β)
523 1770 628 1794 iterum.
643 1783 661 1787 -
679 1769 759 1794 etiam
779 1769 879 1801 aliquae
899 1768 1033 1793 editiones.

1595 1733 1622 1767 γ)
1642 1733 1721 1758 sistit.
1734 1746 1753 1752 —
1770 1732 1893 1758 consistit
1910 1732 1982 1758 PGa.

1099 1838 1431 1871 Commentariis
1452 1838 1702 1872 cardinalis
1723 1837 1924 1871 Caietani

457 1921 476 1940 N
493 1910 623 1940 articulo
647 1909 738 1940 tertio
769 1908 911 1939 eiusdem
940 1909 1274 1948 octogesimaeprimae
1295 1908 1489 1949 quaestionis

458 1954 591 1985 dubium
615 1953 739 1983 difficile
763 1960 818 1988 est,
842 1953 1008 1993 quomodo
1029 1953 1085 1983 iste
1105 1953 1253 1983 articulus
1277 1960 1356 1983 stare
1385 1960 1490 1993 potest
1514 1980 1516 1991 ,

426 2009 500 2030 cum
517 1998 647 2028 articulo
664 1997 776 2037 quinto
792 1997 955 2027 huiusmet
970 1997 1173 2037 quaestionis.
1199 1997 1233 2027 In
1250 1997 1382 2028 articulo
1401 2007 1489 2027 nam-

426 2053 488 2083 que
505 2042 617 2083 quinto
633 2051 775 2081 expresse
787 2048 919 2080 negatur
933 2041 1038 2071 Deum
1054 2051 1120 2072 esse
1137 2041 1299 2072 obiectum
1312 2041 1487 2081 religionis:

426 2094 455 2117 et
479 2093 644 2126 propterea
667 2085 851 2125 religionem
875 2095 941 2115 non
958 2095 1024 2115 esse
1038 2085 1187 2116 virtutem
1212 2086 1436 2125 theologalem,
1454 2093 1489 2116 ut

426 2137 511 2170 patet
533 2130 585 2160 ibi.
611 2130 671 2159 Hic
688 2137 793 2160 autem
817 2130 970 2169 probatur
993 2130 1081 2170 quod
1105 2130 1214 2169 religio
1239 2137 1286 2160 est
1310 2139 1373 2160 una
1388 2130 1487 2161 virtus
1513 2161 1514 2164 ,

426 2174 499 2215 quia
530 2174 623 2204 habet
653 2184 755 2204 unum
778 2174 884 2204 Deum
913 2175 1089 2204 secundum
1117 2184 1216 2204 unam
1243 2174 1398 2204 rationem
1428 2184 1486 2216 pro

426 2219 568 2249 obiecto:
593 2225 628 2248 ut
651 2225 736 2258 patet
755 2218 787 2248 in
806 2217 908 2248 littera
924 2225 1103 2248 assumente
1127 2229 1185 2258 pro
1202 2218 1321 2248 maiore
1341 2219 1486 2258 proposi-

426 2263 521 2298 tione,
541 2262 681 2292 Habitus
696 2263 941 2302 distinguuntur
956 2263 1130 2293 secundum
1151 2263 1309 2293 diversam
1327 2264 1485 2293 rationem

426 2307 551 2343 obiecti,
578 2314 607 2336 et
631 2306 852 2342 subsumente‚
877 2306 928 2336 Ad
955 2307 1144 2347 religionem
1170 2308 1311 2348 pertinet
1339 2307 1487 2338 exhibere

426 2351 637 2380 reverentiam
662 2352 718 2380 uni
740 2351 809 2380 Deo
831 2350 1005 2380 secundum
1031 2361 1128 2381 unam
1153 2352 1324 2387 rationem,
1351 2352 1485 2391 inquan-

427 2400 492 2424 tum
509 2395 628 2424 scilicet
647 2400 693 2425 est
710 2396 853 2434 primum
868 2396 1062 2434 principium
1079 2396 1250 2425 creationis
1273 2401 1303 2425 et
1324 2396 1485 2435 guberna-

426 2439 520 2468 tionis
543 2448 662 2469 rerum.
697 2438 728 2468 Si
751 2448 889 2479 namque
920 2439 1079 2469 discursus
1102 2439 1160 2470 iste
1191 2449 1258 2470 non
1281 2439 1484 2480 aequivocus,

426 2483 480 2512 sed
504 2481 611 2512 efficax
634 2488 695 2518 est,
721 2482 884 2513 manifeste
907 2482 981 2513 dicit
1011 2483 1115 2513 Deum
1141 2493 1207 2513 esse
1231 2483 1391 2514 obiectum
1414 2483 1484 2514 reli-

1542 1909 1662 1949 gionis,
1687 1915 1717 1939 et
1744 1915 1910 1948 propterea
1939 1918 1975 1938 ex
1999 1908 2066 1938 eius
2090 1907 2210 1939 unitate
2238 1909 2416 1940 secundum
2438 1909 2536 1941 talem
2557 1921 2604 1943 ra-

1542 1954 1674 1989 tionem,
1698 1953 1886 1992 religionem
1910 1962 1977 1982 esse
1999 1962 2098 1983 unam
2119 1952 2279 1984 virtutem.

1595 1998 1646 2028 Ad
1669 1997 1730 2028 hoc
1754 1997 1889 2027 dubium
1913 1996 2085 2027 summarie
2108 1996 2223 2028 dicitur
2245 1997 2336 2038 quod
2358 1997 2521 2029 obiectum
2543 1999 2604 2030 vir—

1542 2042 1618 2072 tutis
1634 2048 1681 2072 est
1696 2041 1826 2081 duplex:
1851 2042 1914 2078 cui,
1939 2047 1969 2072 et
1991 2041 2086 2082 quod.
2109 2041 2150 2072 Et
2173 2042 2263 2082 quod
2277 2042 2365 2073 Deus
2381 2049 2428 2073 est
2443 2042 2606 2074 obiectum

1540 2085 1700 2126 religionis
1724 2086 1795 2124 cui,
1820 2095 1886 2116 non
1909 2086 2007 2126 quod.
2041 2086 2082 2116 Et
2108 2092 2275 2125 propterea
2298 2092 2432 2127 uterque
2455 2087 2605 2119 articulus

1541 2140 1652 2160 verum
1675 2129 1750 2161 dicit
1773 2137 1804 2160 et
1825 2129 1985 2160 intentum
2009 2129 2148 2160 sortitur.
2182 2130 2244 2160 Sed
2267 2130 2422 2171 quoniam
2445 2131 2523 2163 haec
2545 2132 2604 2163 ob-

1541 2184 1631 2205 scura
1654 2181 1737 2210 sunt,
1762 2174 1794 2204 in
1819 2174 1932 2214 quinto
1956 2174 2088 2204 articulo
2113 2173 2364 2206 declarabuntur,

1597 2219 1631 2248 In
1652 2218 1859 2259 responsione
1882 2218 1922 2248 ad
1945 2218 2072 2249 tertium
2089 2217 2232 2249 eiusdem
2248 2219 2370 2250 articuli
2394 2220 2491 2251 dubia
2513 2220 2605 2262 plura

1540 2270 1723 2293 occurrunt:
1749 2262 1865 2293 scilicet
1889 2262 1927 2292 de
1943 2263 2039 2293 unico
2057 2268 2148 2292 motu
2167 2262 2200 2293 in
2214 2263 2388 2304 imaginem
2410 2270 2442 2295 et
2463 2264 2496 2295 id
2515 2264 2605 2296 cuius

1541 2314 1587 2337 est
1609 2307 1734 2347 imag03
1760 2314 1790 2337 et
1813 2307 1851 2337 de
1875 2306 2067 2347 imaginibus
2087 2306 2204 2338 Christi
2228 2308 2397 2338 adorandis
2419 2308 2604 2341 adoratione

1540 2350 1657 2382 latriae.
1683 2351 1745 2382 Sed
1767 2350 1922 2392 quoniam
1945 2351 1983 2381 de
2003 2351 2051 2381 his
2075 2350 2133 2381 erit
2151 2351 2294 2392 specialis
2313 2359 2461 2384 tractatus
2477 2353 2510 2383 in
2528 2363 2604 2394 pro—

1540 2395 1609 2435 prio
1632 2395 1715 2431 loco,
1732 2395 1765 2425 in
1789 2395 1895 2426 Tertia
1919 2395 2035 2426 scilicet
2058 2396 2157 2430 Parte,
2183 2406 2238 2437 qu.
2258 2406 2317 2426 xxv
2332 2396 2359 2433 ¹⁸,
2381 2397 2453 2428 ideo
2476 2397 2520 2428 ibi
2543 2403 2605 2428 tra-

1542 2440 1654 2470 ctanda
1677 2439 1908 2480 relinquuntur.

1206 2621 1524 2663 ARTICULUS
1556 2620 1828 2672 QUARTUS

845 2704 1001 2734 UTRUM
1027 2704 1203 2736 RELIGlo
1229 2705 1295 2736 SlT
1320 2705 1536 2736 SPECIALIS
1559 2705 1716 2736 vmrus
1739 2705 1794 2735 AB
1817 2705 1925 2735 ALus
1949 2704 2183 2736 DISTINCTA

949 2773 979 2797 lll
1000 2774 1082 2802 sent„
1103 2774 1162 2799 dist.
1181 2781 1214 2803 1x,
1234 2781 1278 2806 qu.
1297 2782 1314 2805 1,
1334 2779 1380 2798 art.
1404 2783 1424 2804 ι,
1444 2774 1494 2807 qu·
1515 2781 1543 2803 23
1564 2774 1593 2798 In
1614 2774 1688 2799 Boet.
1708 2774 1740 2799 de
1763 2773 1844 2803 Trin„
1865 2782 1909 2806 qu.
1927 2781 1965 2805 ω,
1985 2779 2031 2799 art.
2052 2781 2075 2799 2.

475 2884 484 2892 ,
508 2860 515 2874 ι
541 2864 608 2905 ax<
635 2855 657 2879 D
678 2854 851 2884 QUARTUM
870 2855 923 2880 sm
943 2855 1188 2881 PROCEDITUR.
1209 2844 1368 2882 Videtur
1382 2845 1487 2893 quod

456 2931 458 2936 Α
490 2892 497 2900 ”
636 2895 763 2943 religio
793 2908 870 2932 non
904 2896 949 2932 sit
977 2897 1151 2945 specialis
1179 2897 1297 2934 virtus
1330 2898 1377 2934 ab
1407 2897 1486 2934 aliis

498 2963 556 3003 Ἲς
581 2945 818 2988 (distincta.
849 2949 948 2985 Dicit
977 2949 1077 2986 enim
1112 2950 1358 2997 Augustinus,
1379 2951 1415 2987 X
1443 2951 1487 2987 de

480 2975 577 3035 ἑῷ)
591 2992 625 3035 N
642 3002 721 3038 Ciu.
742 3002 817 3038 Dei
829 3001 868 3038 *ε
896 3003 1034 3040 Verum
1054 3003 1286 3051 sacrificium
1307 3009 1359 3040 est
1377 3015 1488 3041 omne

427 3065 518 3100 opus
547 3054 647 3100 quod
671 3054 818 3103 geritur
846 3060 886 3090 ut
914 3061 1044 3092 sancta
1081 3057 1257 3093 societate
1284 3057 1366 3093 Deo
1405 3057 1486 3094 iun-

426 3117 579 3154 gamur.
621 3106 696 3143 Sed
726 3107 953 3144 sacrificium
981 3108 1145 3156 pertinet
1172 3109 1220 3146 ad
1250 3109 1484 3157 religionem.

428 3159 530 3205 Ergo
555 3169 670 3194 omne
698 3171 794 3207 opus
813 3159 959 3196 virtutis
988 3161 1037 3196 ad
1063 3161 1284 3208 religionem
1312 3162 1484 3210 pertinet.

428 3211 477 3246 Et
505 3210 557 3246 sic
585 3223 662 3247 non
692 3218 747 3247 est
775 3211 944 3259 specialis
972 3212 1101 3249 virtus.

482 3275 516 3299 2.
537 3263 769 3310 ΡΒΑΕΤΕΚΕΑ,
799 3265 1006 3312 Apostolus
1036 3265 1141 3312 dicit,
1173 3267 1185 3301 I
1215 3266 1267 3302 ad
1298 3267 1383 3303 Cor.
1404 3278 1428 3302 x
1446 3266 1484 3303 *ε

433 3315 567 3352 Omnia
595 3317 631 3353 in
657 3317 822 3366 gloriam
842 3317 917 3353 Dei
931 3318 1064 3364 facite.
1101 3318 1177 3354 Sed
1197 3318 1244 3355 ad
1265 3318 1484 3366 religionem

427 3368 587 3416 pertinet
624 3370 749 3417 aliqua
786 3370 908 3406 facere
938 3371 986 3407 ad
1023 3370 1094 3406 Dei
1134 3371 1407 3418 reverentiam,
1445 3378 1487 3408 ut

428 3433 541 3470 supra
562 3423 580 3442 '¹‘
610 3422 750 3459 dictum
789 3430 854 3460 est.
898 3423 999 3470 Ergo
1035 3423 1164 3471 religio
1203 3436 1282 3461 non
1319 3431 1376 3461 est
1403 3436 1486 3472 spe-

429 3473 529 3510 cialis
556 3474 684 3511 virtus.

1594 2845 1628 2881 3.
1650 2845 1892 2892 PRAETEREA,
1922 2844 2055 2882 caritas
2084 2857 2159 2893 qua
2194 2845 2356 2893 diligitur
2382 2846 2489 2884 Deus
2524 2857 2602 2886 non

1510 2904 1596 2939 ⁴est
1622 2897 1741 2934 virtus
1771 2897 1943 2934 distincta
1979 2910 2001 2935 a
2031 2898 2181 2935 caritate
2210 2911 2287 2948 qua
2322 2898 2484 2947 diligitur
2514 2911 2604 2948 pro-

1539 2950 1676 2987 ximus.
1705 2950 1781 2987 Sed
1802 2950 1898 2988 sicut
1917 2950 2051 2988 dicitur
2069 2951 2107 2988 in
2122 2951 2209 2988 VIII
2223 2952 2343 2990 Ethic.
2365 2953 2398 3000 ⁹,
2418 2953 2604 2990 honorari
2631 2953 2710 3003 'Sfffi

1533 3004 1790 3052 propinquum
1819 3010 1874 3040 est
1898 3005 1934 3040 ei
1955 3005 2058 3052 quod
2083 3010 2137 3042 est
2162 3005 2299 3048 amari.
2330 3006 2432 3054 Ergo
2458 3005 2600 3055 religio,

1539 3069 1615 3105 qua
1643 3057 1852 3094 honoratur
1876 3058 1993 3105 Deus,
2023 3070 2102 3095 non
2132 3065 2188 3095 est
2214 3057 2333 3096 virtus
2359 3057 2602 3108 specialiter‘

1540 3109 1709 3146 distincta
1729 3110 1777 3146 ab
1797 3110 2040 3148 observantia
2058 3111 2122 3148 vel
2141 3110 2243 3148 dulia
2261 3112 2324 3148 vel
2348 3111 2499 3161 pietate,
2518 3111 2602 3160 qui-

1538 3163 1610 3198 bus
1646 3163 1857 3200 honoratur
1883 3163 2093 3211 proximus.
2137 3164 2240 3211 Ergo
2278 3177 2356 3201 non
2393 3172 2447 3202 est
2478 3163 2599 3202 virtus

1538 3214 1720 3263 specialis.

1593 3267 1667 3303 SED
1697 3278 1842 3304 CONTRA
1870 3279 1936 3304 EST
1963 3269 2068 3317 quod
2103 3268 2256 3317 ponitur
2283 3282 2371 3318 pars
2395 3269 2411 3300 β
2437 3270 2598 3308 iustitiae

1539 3319 1586 3355 ab
1616 3319 1695 3356 aliis
1725 3319 1804 3356 eius
1831 3320 2001 3368 partibus
2031 3321 2202 3358 distincta
2221 3322 2252 3358 *.

1593 3373 1816 3409 Ri-:spoNnEo
1837 3384 2020 3410 mCENDUM
2037 3375 2141 3422 quod
2162 3387 2250 3412 cum
2269 3375 2388 3412 virtus
2403 3375 2599 3413 ordinetur

1539 3424 1588 3461 ad
1608 3426 1852 3472 bonum„ubi
1872 3434 1927 3462 est
1947 3427 2119 3475 specialis
2138 3428 2232 3465 ratio
2253 3427 2356 3474 boni,
2376 3427 2430 3466 ibi
2448 3437 2598 3478 oportet

1541 3489 1623 3514 esse
1649 3477 1851 3526 specialem
1870 3478 2060 3517 virtutem.
2090 3481 2245 3518 Bonum
2269 3487 2398 3518 autem
2424 3480 2473 3518 ad
2492 3482 2598 3530 quod

480 3605 507 3637 α)
526 3605 683 3637 specialiter.
697 3620 715 3625 —
733 3607 853 3638 specialis
872 3607 930 3633 IsK.

1592 3607 1617 3642 β)
1633 3615 1709 3641 pars.
1722 3622 1741 3628 -
1759 3610 1849 3642 aliqua
1863 3617 1931 3642 pars
1950 3611 1979 3636 P.

2630 2397 2706 2420 ’Am
2719 2403 2740 2426 3.

2715 2959 2765 2979 vm.
2775 2960 2799 2977 n.
2806 2960 2822 2977 x.
2829 2964 2842 2971 -
2854 2944 2860 2976 i

2725 2981 2777 3003 lect.
2790 2987 2840 3004 viu.
2856 2988 2860 3011 2

2854 3018 2860 3051 i
