2814 4250
125 624 134 632 ⁸
149 622 224 643 Tract.
241 621 288 642 XL.

120 1964 129 1974 ⁴
145 1963 211 1985 Vers.
226 1969 259 1985 22.

121 2227 131 2237 *
146 2227 202 2254 Cap.
214 2233 251 2247 xv.

121 2390 130 2399 ¹
145 2389 211 2410 Vers.
227 2395 247 2416 7.

377 281 421 305 10
1045 263 1310 310 QUAESTIO
1341 264 1477 308 LVIII,
1508 263 1804 300 ARTICULUS
1834 264 1864 299 II

368 348 472 396 quod
501 346 635 382 iustitia
664 350 717 380 est
742 344 886 380 habitus
913 343 1115 378 secundum
1145 353 1254 389 quem
1292 341 1425 388 aliquis

367 401 500 437 dicitur
528 397 737 446 operativus
764 396 966 432 secundum
996 394 1209 430 electionem
1240 393 1334 429 iusti.

418 454 477 488 AD
497 463 632 487 PRIMUM
648 460 745 485 ERGO
761 460 944 485 DICENDUM
962 447 1065 494 quod
1085 446 1261 482 voluntas
1277 445 1338 482 hic
1357 457 1426 481 no-

360 498 483 540 ‘minat
502 510 641 548 actum,
663 514 740 537 non
768 501 987 549 potentiam.
1016 499 1083 535 Est
1108 505 1236 534 autern
1267 510 1426 534 consue—

365 565 445 593 tum
475 555 578 603 quod
598 556 699 602 apud
726 561 896 590 auctores
916 558 932 573 κ
960 551 1109 588 habitus
1130 563 1198 599 per
1226 558 1331 587 actus
1361 551 1425 587 de-

364 609 555 646 finiantur:
587 607 681 643 sicut
708 606 941 652 Augustinus
977 604 1081 650 dicit,
1110 615 1224 651 super
1251 605 1360 640 Ioan.
1383 605 1423 651 ²⁸,

364 661 467 710 quod
496 661 592 697 fides
621 667 676 695 est
704 659 854 695 credere
883 657 983 705 quod
1010 669 1083 693 non
1112 657 1224 693 vides.

416 716 473 750 AD
503 723 691 749 SECUNDUM
724 722 906 747 DICENDUM
936 710 1040 758 quod
1077 721 1200 757 neque
1231 709 1343 745 etiam
1371 709 1464 745 iu-.›

363 767 459 803 stitia
497 772 551 801 est
593 763 836 800 essentialiter
874 763 1080 808 rectitudo,
1120 762 1186 799 sed
1231 761 1453 798 causaliter'

362 826 527 855 tantum:
556 824 611 853 est
631 817 732 853 enim
752 816 902 852 habitus
923 815 1135 852 secundum
1156 827 1271 863 quem
1292 815 1426 863 aliquis

362 879 460 908 recte
491 877 669 918 operatur
697 876 733 905 et
760 869 852 905 vult.

414 927 471 960 Ar>
491 935 651 959 TERTIUM
676 934 860 959 DICENDUM
882 922 985 968 quod
1006 921 1184 957 voluntas
1208 928 1333 969 potest
1353 920 1425 957 dici
1451 938 1453 972 3

360 984 544 1025 perpetua
573 975 782 1023 dupliciter.
822 975 909 1011 Uno
939 973 1069 1019 modo,
1101 986 1146 1010 ex
1173 981 1279 1021 parte
1308 973 1425 1021 ipsius
1451 999 1453 1007 ,

361 1038 477 1076 actus,
509 1028 572 1078 qui
601 1035 786 1077 perpetuo
809 1028 926 1063 durat.
958 1026 1087 1062 Etsic
1115 1026 1230 1062 solius
1259 1026 1331 1062 Dei
1356 1038 1425 1062 vo—

360 1084 483 1119 luntas
504 1086 560 1118 est
583 1088 779 1129 perpetua.
809 1080 894 1116 Alio
919 1079 1051 1126 modo,
1074 1091 1118 1115 ex
1138 1086 1243 1127 parte
1268 1078 1424 1115 obiecti:

361 1136 450 1183 quia
479 1134 618 1171 scilicet
646 1133 778 1182 aliquis
797 1133 879 1170 vult
905 1139 1092 1180 perpetuo
1122 1132 1245 1168 facere
1270 1131 1423 1179 aliquid.

361 1190 410 1225 Et
428 1189 502 1224 hoc
522 1186 721 1235 requiritur
740 1186 786 1223 ad
807 1186 994 1222 rationem
1014 1184 1185 1221 iustitiae.
1210 1185 1301 1220 Non
1322 1184 1424 1220 enim

361 1241 499 1278 sufficit
527 1241 574 1277 ad
595 1241 780 1276 rationem
808 1238 968 1274 iustitiae
989 1238 1095 1284 quod
1115 1237 1249 1284 aliquis
1268 1237 1358 1274 velit
1378 1237 1426 1273 ad

360 1296 495 1331 horam
525 1293 563 1329 in
592 1292 718 1341 aliquo
748 1291 899 1338 negotio
929 1302 1081 1327 servare
1111 1289 1306 1335 iustitiam,
1338 1289 1427 1336 quia

360 1347 423 1384 vix
452 1346 641 1383 invenitur
661 1344 793 1392 aliquis
813 1343 877 1391 qui
901 1343 990 1379 velit
1018 1343 1055 1378 in
1081 1342 1261 1378 omnibus
1290 1341 1426 1377 iniuste

1482 353 1613 388 agere:
1644 342 1709 378 sed
1731 341 1930 389 requiritur
1945 342 2048 388 quod
2068 342 2187 377 horno
2212 341 2351 377 habeat
2369 340 2544 377 volunta-

1481 401 1559 429 tem
1579 401 1764 441 perpetuo
1782 402 1817 430 et
1832 394 1869 430 in
1886 393 2063 431 omnibus
2083 393 2260 429 iustitiam
2279 393 2543 430 conservandi.
2566 396 2568 398 ’

1534 447 1593 482 Ao
1629 457 1800 487 QUARTUM
1833 458 2017 483 memnon
2060 446 2166 493 quod
2201 446 2289 493 quia
2316 453 2544 494 perpetuum

1481 510 1558 534 non
1593 498 1774 546 accipitur
1803 500 2013 536 secundum
2044 498 2284 534 durationem
2320 505 2544 546 perpetuam

1481 559 1586 587 actus
1609 551 1825 599 voluntatis,
1856 564 1934 587 non
1961 551 2153 599 superflue
2178 551 2328 587 additur
2356 556 2545 587 constans:

1481 612 1521 640 ut
1550 603 1644 639 sicut
1671 615 1740 651 per
1766 605 1840 640 hoc
1869 605 1975 651 quod
2009 603 2141 640 dicitur
2162 609 2345 651 perpetua
2372 603 2546 640 voluntas

1451 662 1453 676 ⁴
1482 656 1697 703 designatur
1725 657 1829 703 quod
1865 657 2000 703 aliquis
2028 665 2132 703 gerat
2163 657 2202 692 in
2230 655 2426 704 proposito
2461 667 2546 704 per-

1481 716 1596 757 petuo
1626 708 1803 745 iustitiam
1834 709 2105 755 conservandi,
2149 709 2199 745 ita
2234 709 2346 745 etiam
2374 721 2443 757 per
2470 709 2545 744 hoc

1481 762 1586 811 quod
1621 761 1755 797 dicitur
1787 767 1959 798 constans
2001 761 2218 809 designatur
2255 761 2359 809 quod
2396 761 2432 797 in
2470 762 2544 798 hoc

1479 814 1676 864 proposito
1705 813 1865 850 firmiter
1892 822 2120 862 perseveret.

1533 870 1590 903 AD
1621 878 1782 908 QUJNTUM
1811 877 1995 903 mcENDUM
2019 867 2123 914 quod
2151 866 2264 903 iudex
2293 866 2415 904 reddit
2438 867 2543 915 quod

1480 933 1594 956 suum
1630 927 1685 955 est
1713 932 1781 967 per
1809 919 1971 955 modum
2007 918 2227 967 imperantis
2263 926 2300 956 et
2333 919 2542 967 dirigentis:

1480 973 1568 1021 quia
1597 973 1711 1008 iudex
1738 978 1791 1008 est
1818 972 1953 1008 iustum
1983 971 2204 1017 animatum,
2235 978 2270 1008 et
2291 972 2467 1019 princeps
2493 977 2546 1008 est

1479 1031 1601 1062 custos
1628 1025 1726 1070 iusti,
1756 1032 1797 1061 ut
1831 1025 1963 1062 dieitur
1986 1024 2024 1060 in
2044 1025 2089 1060 V.
2111 1024 2231 1060 Ethic.
2251 1024 2272 1046 *
2301 1023 2376 1061 Sed
2405 1024 2544 1061 subditi

1452 1074 1453 1080 ¹
1480 1078 1642 1115 reddunt
1671 1078 1775 1126 quod
1810 1090 1923 1114 suum
1959 1085 2013 1114 est
2041 1077 2246 1125 unicuique
2280 1090 2349 1126 per
2380 1077 2543 1114 modum

1481 1131 1724 1167 executionis.

1532 1186 1589 1220 AD
1626 1195 1767 1220 SEXTUM
1802 1194 1987 1219 DICENDUM
2017 1182 2121 1231 quod
2150 1182 2246 1219 sicut
2277 1182 2315 1218 in
2344 1181 2544 1218 dilectione

1479 1236 1551 1272 Dei
1570 1235 1773 1272 includitur
1792 1235 1950 1283 dilectio⁴
1967 1235 2139 1283 proximi,
2160 1243 2202 1272 ut
2220 1247 2335 1283 supra
2354 1235 2374 1256 '¹‘
2401 1234 2545 1272 dictum

1480 1296 1552 1334 est;
1591 1289 1641 1325 ita
1675 1288 1789 1324 etiam
1825 1289 1864 1324 in
1898 1289 1973 1324 hoc
2010 1288 2115 1336 quod
2149 1289 2270 1324 homo
2305 1287 2420 1325 servit
2459 1289 2544 1324 Deo

1479 1341 1682 1377 includitur
1718 1341 1825 1388 quod
1862 1340 2066 1388 unicuique
2106 1340 2239 1378 reddat
2276 1340 2381 1389 quod
2420 1340 2544 1377 debet.

413 1469 437 1500 κ)
458 1468 528 1500 quod
547 1467 620 1499 apud
638 1470 769 1491 auctores.
784 1479 802 1484 -
820 1465 894 1497 apud
911 1468 1035 1490 auctores
1053 1464 1125 1497 quod
1142 1465 1174 1489 D.

1139 1596 1456 1639 ARTICULUS
1487 1595 1786 1638 SECUNDUS

966 1691 1122 1721 UTRUM
1147 1690 1335 1720 IUSTITIA
1359 1688 1526 1719 SEMPER
1550 1688 1617 1719 SIT
1639 1688 1698 1718 AD
1723 1688 1934 1718 ALTERUM

925 1770 1016 1802 Supra,
1037 1777 1082 1802 qu.
1101 1776 1160 1798 nvn,
1181 1773 1228 1793 art.
1246 1776 1276 1808 cb
1297 1768 1320 1792 1·
1339 1767 1395 1797 11⁸⁶,
1415 1775 1459 1800 qu.
1479 1775 1549 1798 cxm,
1569 1772 1616 1792 art.
1639 1774 1666 1797 1;
1685 1767 1709 1791 V
1730 1767 1825 1796 Ethic„
1846 1767 1903 1791 lect.
1921 1773 1983 1791 xvn.

401 1880 440 1903 ,ᾖ
479 1887 494 1900 3,
527 1876 540 1881 „
554 1873 557 1875 -
571 1865 594 1889 D
610 1863 801 1888 SECUNDUM
816 1862 870 1887 SIC
885 1861 1126 1886 PROCEDITUR.
1146 1848 1306 1885 Videtur
1321 1848 1426 1896 quod

388 1898 437 1925 '⁴¹
501 1904 552 1953 3'f
573 1905 710 1941 iustitia
729 1916 807 1940 non
828 1915 980 1952 semper
999 1903 1045 1939 sit
1063 1902 1112 1939 ad
1131 1903 1304 1938 alterum.
1325 1900 1426 1938 Dicit

542 1954 676 1995 enim
714 1958 941 2006 Apostolus,
980 1956 1032 1992 ad
1048 1957 1160 1992 Rom.
1190 1967 1225 1991 111
1253 1954 1290 2001 ³¹⁶,
1321 1955 1423 2003 quod

574 2011 709 2047 iustitia
742 2010 818 2046 Dei
843 2014 897 2046 est
919 2021 990 2060 per
1005 2009 1128 2056 fidem
1156 2009 1242 2044 Iesu
1277 2007 1423 2044 Christi.

359 2064 436 2101 Sed
464 2062 561 2099 fides
584 2070 668 2100 ‘non
697 2062 831 2099 dicitur
857 2074 926 2111 per
955 2060 1282 2109 comparationem
1312 2059 1424 2097 unius

358 2115 526 2153 hominis
556 2116 605 2153 ad
633 2116 807 2152 alterum.
855 2115 957 2162 Ergo
988 2126 1113 2162 neque
1142 2113 1290 2150 iustitia.
1332 2111 1335 2114 ”

413 2181 447 2205 2.
468 2169 702 2214 PRAETEREA,
733 2168 945 2205 secundum
970 2166 1239 2214 Augustinum,
1269 2166 1306 2202 in
1326 2166 1423 2202 libro
1450 2168 1452 2190 ἕ

1450 2217 1452 2236 ²
1478 2224 1520 2253 ut
1549 2217 1692 2254 dictum
1726 2224 1781 2252 est
1799 2216 1839 2264 ²¹⁶,
1869 2229 2026 2253 necesse
2062 2223 2118 2252 est
2146 2216 2250 2264 quod
2286 2216 2416 2253 alietas
2435 2213 2448 2237 δ
2475 2208 2548 2264 ist&

359 2224 404 2259 de
431 2221 608 2260 Moribus
643 2221 785 2258 Eccles.
806 2220 837 2267 ²¹³,
867 2220 916 2257 ad
945 2220 1122 2256 iustitiam
1160 2218 1337 2267 pertinet,
1373 2219 1423 2255 ob

359 2277 433 2312 hoc
449 2275 553 2321 quod
573 2274 688 2311 servit
711 2275 809 2320 Deo,
830 2275 922 2310 hene
950 2273 1139 2321 imperare
1166 2272 1307 2317 ceteris,
1329 2283 1425 2320 quae

359 2327 504 2365 homini
530 2333 617 2364 sunt
633 2327 809 2363 subiecta.
840 2326 916 2363 Sed
937 2326 1125 2374 appetitus
1149 2324 1350 2362 sensitivus
1371 2332 1427 2361 est

359 2379 507 2418 homini
527 2379 735 2417 subiectus:
765 2387 807 2415 ut
831 2387 934 2428 patet
958 2379 1050 2422 Gen.
1072 2390 1107 2414 1v
1125 2378 1156 2424 ²¹²,
1186 2377 1251 2414 ubi
1272 2378 1424 2414 dicitur:
1449 2389 1452 2412 e

361 2435 495 2470 Subter
531 2439 564 2469 te
592 2434 663 2469 erit
688 2433 868 2481 appetitus
896 2432 995 2477 eius,
1025 2431 1164 2468 scilicet
1191 2431 1358 2478 peccati,
1392 2436 1428 2466 et

360 2493 398 2523 tu
427 2486 679 2522 dominaberis
708 2485 816 2522 illius.
846 2486 948 2532 Ergo
978 2484 1026 2520 ad
1055 2483 1232 2520 iustitiam
1265 2483 1427 2531 pertinet

362 2539 552 2577 dominari
585 2538 742 2587 proprio
781 2536 974 2586 appetitui.
1018 2537 1067 2573 Et
1104 2536 1157 2573 sic
1186 2535 1254 2572 erit
1290 2535 1427 2572 iustitia

362 2593 411 2630 ad
439 2591 620 2639 seipsum.

417 2646 451 2682 3.
482 2646 721 2688 PRAETEREA,
759 2642 896 2679 iustitia
930 2641 1003 2678 Dei
1043 2649 1097 2678 est
1135 2648 1299 2678 aeterna.
1349 2642 1426 2678 Sed

361 2698 450 2735 nihil
479 2697 676 2734 aliud'fuit
695 2702 712 2717 α
739 2697 823 2732 Deo
854 2702 1112 2731 coaeternum.
1161 2695 1263 2742 Ergo
1293 2695 1340 2731 de
1370 2706 1427 2730 ra-

360 2751 463 2787 tione
493 2749 652 2787 iustitiae
682 2761 760 2785 non
790 2756 844 2785 est
872 2748 976 2797 quod
1005 2747 1050 2783 sit
1079 2748 1127 2784 ad
1156 2747 1326 2783 alterum.

413 2815 450 2850 4.
472 2805 711 2848 PRAETER-EA,
741 2801 837 2838 sicut
865 2800 1106 2849 operationes
1135 2812 1235 2848 quae
1264 2806 1350 2836 sunt
1378 2799 1438 2838 ad‘

362 2857 522 2893 alterurn
546 2855 714 2904 indigent
739 2854 946 2899 rectificari,
968 2853 1018 2890 ita
1043 2853 1157 2889 etiam
1184 2852 1427 2901 operationes

362 2922 460 2958 quae
489 2916 575 2946 sunt
604 2908 652 2945 ad
681 2908 859 2956 seipsum.
892 2905 968 2943 Sed
993 2918 1060 2955 per
1088 2905 1263 2942 iustitiam
1292 2905 1427 2942 rectifi-

362 2970 494 2998 cantur
522 2961 779 3010 operationes:
819 2959 1029 2997 secundum
1065 2958 1156 2995 illud
1193 2959 1305 2995 Prov.
1330 2971 1365 2995 XI
1384 2957 1425 2995 *ε

361 3015 507 3051 Iustitia
530 3014 706 3062 simplicis
729 3014 858 3063 dirigit
875 3011 890 3042 β
918 3012 1020 3049 viam
1040 3012 1129 3048 eius.
1161 3012 1262 3059 Ergo
1288 3011 1427 3048 iustitia

363 3080 442 3104 non
476 3067 601 3103 solum
635 3073 690 3103 est
719 3066 816 3102 circa
845 3078 889 3102 ea
918 3077 1017 3114 quae
1052 3072 1139 3101 sunt
1174 3064 1224 3100 ad
1252 3064 1425 3111 alterum,

364 3120 432 3157 sed
462 3120 574 3156 etiam
603 3119 701 3155 circa
731 3131 775 3155 ea
803 3130 901 3166 quae
930 3125 1016 3154 sunt
1044 3118 1092 3154 ad
1121 3116 1301 3165 seipsum.

419 3173 493 3209 SED
533 3184 679 3208 CONTRA
715 3183 781 3207 EST
819 3171 922 3219 quod
959 3169 1106 3206 Tullius
1145 3169 1247 3214 dicit,
1274 3169 1310 3204 in
1341 3169 1353 3204 I
1383 3169 1428 3204 de

370 3226 477 3274 Offic.
498 3225 537 3271 ³³,
571 3224 676 3273 quod
702 3223 863 3260 iustitiae
892 3235 936 3259 ea
965 3223 1061 3259 ratio
1090 3229 1145 3258 est
1172 3234 1246 3270 qua
1272 3221 1428 3257 societas

364 3279 558 3315 hominum
588 3278 683 3314 inter
710 3278 822 3325 ipsos,
852 3282 888 3312 et
912 3276 1011 3312 vitae
1038 3274 1285 3311 communitas
1313 3274 1426 3310 conti-

367 3337 484 3368 netur.
517 3330 593 3367 Sed
622 3332 695 3367 hoc
715 3330 892 3378 importat
912 3336 1125 3377 respectum
1145 3332 1160 3355 ’s
1186 3327 1233 3363 ad
1253 3327 1425 3363 alterum.

421 3452 449 3484 α)
462 3452 528 3485 fuit.
542 3466 561 3472 -
578 3456 617 3476 est
637 3452 707 3476 PDa.

421 3487 446 3520 β)
467 3488 570 3520 dirigit.
583 3501 602 3507 -
620 3487 719 3519 diriget
738 3487 788 3511 PF.

421 3524 446 3556 γ)
466 3526 621 3554 respectum.
636 3536 654 3541 —-
669 3522 788 3554 regulam
802 3520 982 3554 AB(C?)1LpK
997 3525 1023 3545 et
1032 3528 1058 3551 Κ,
1073 3520 1227 3545 relationem
1243 3519 1274 3550 D,
1292 3524 1358 3552 spat.
1370 3527 1427 3544 vac.
1452 3547 1454 3553 ,

339 3594 341 3597 v
368 3559 397 3583 F.
410 3573 428 3577 -
445 3559 529 3583 solum
547 3566 599 3582 om.
620 3558 665 3582 Pa.

1478 1848 1580 1894 Ergo
1615 1846 1755 1883 iustitia
1790 1854 1846 1883 est
1874 1847 2000 1883 solum
2040 1846 2140 1883 circa
2175 1859 2220 1883 ea
2249 1858 2347 1895 quae
2381 1853 2469 1883 sunt
2495 1847 2545 1893 ad
2578 1873 2585 1876 -
2637 1862 2639 1865 ·

1479 1900 1651 1936 alterum.
2093 1914 2095 1917 ·
2531 1896 2545 1945 J

1532 1953 1758 1989 RESPONDEO
1778 1963 1964 1989 mel-:unum
1980 1951 2097 2000 quod,
2119 1952 2215 1988 sicut
2235 1963 2350 2000 supra
2363 1941 2548 2000 “dictinii³

1479 2013 1546 2052 est,
1577 2017 1665 2042 cum
1693 2017 1838 2041 nomen
1866 2004 2024 2041 iustitiae
2054 2004 2321 2053 aequalitatem
2351 1995 2550 2055 import'ess

1479 2070 1524 2094 ex
1544 2071 1613 2095 sua
1633 2058 1778 2094 ratione
1797 2057 1936 2094 iustitia
1964 2058 2080 2094 habet
2099 2058 2206 2105 quod
2231 2057 2277 2094 sit
2295 2057 2345 2098 ad
2365 2057 2544 2106 alterum:
2591 2076 2593 2078 ·

1450 2112 1452 2167 J
1478 2111 1569 2148 nihil
1597 2111 1699 2148 enim
1730 2118 1784 2147 est
1812 2110 1882 2147 sibi
1911 2111 2088 2159 aequale,
2117 2111 2183 2147 sed
2213 2110 2330 2147 alteri.
2378 2110 2428 2146 Et
2455 2109 2547 2167 quia

1479 2164 1527 2201 ad
1555 2163 1733 2201 iustitiam
1764 2163 1928 2212 pertinet
1957 2171 2062 2200 actus
2097 2164 2288 2200 humanos
2323 2162 2544 2210 rectificare,

1479 2282 1595 2318 quam
1626 2269 1783 2318 requirit
1810 2269 1963 2316 iustitia,
1993 2269 2039 2305 sit
2066 2269 2308 2306 diversorum
2338 2280 2450 2316 agere
2478 2267 2547 2317 po:¹

1478 2322 1651 2359 tentium.
1689 2323 1871 2358 Actiones
1900 2329 2029 2358 autem
2068 2329 2155 2358 sunt
2186 2320 2472 2370 suppositorum
2510 2318 2550 2376 φζξ

1479 2383 1659 2422 totorum,
1682 2387 1759 2412 non
1788 2383 1928 2422 autem,
1954 2375 2108 2423 proprie
2136 2375 2349 2422 loquendo,
2378 2371 2546 2422 partium

1480 2436 1516 2464 et
1535 2429 1759 2474 formarum,
1781 2440 1848 2464 seu
1868 2428 2140 2476 potentiarum:
2168 2440 2246 2464 non
2267 2426 2374 2464 enirn>
2390 2426 2546 2476 proprie

1480 2481 1614 2518 dicitur
1634 2481 1739 2528 quod
1760 2493 1898 2516 manus
1922 2480 2117 2528 percutiat,
2139 2480 2207 2516 sed
2234 2480 2352 2516 homo
2378 2491 2447 2527 per
2466 2477 2547 2527 mag

1479 2547 1592 2578 num3
1619 2546 1743 2582 neque
1762 2533 1916 2582 proprie
1938 2533 2072 2570 dicitur
2092 2532 2197 2580 quod
2218 2533 2321 2569 calor
2341 2531 2545 2581 calefaciat,

1480 2587 1546 2624 sed
1576 2586 1669 2634 ignis
1698 2598 1767 2631 per
1792 2586 1970 2622 calorem.
2009 2586 2230 2622 Secundum
2258 2593 2388 2623 tamen
2416 2584 2546 2634 simili-

1479 2640 1651 2676 tudinem
1687 2638 1881 2687 quandam
1917 2640 2012 2675 haec
2046 2637 2232 2675 dicuntur.
2281 2637 2551 2690 Iustitiaergt)r

1478 2692 1631 2742 proprie
1652 2692 1749 2728 dicta
1763 2691 1932 2740 xrequirit
1952 2691 2208 2728 diversitatem
2238 2691 2525 2740 suppositorum
2532 2690 2548 2734 ,⁴

1481 2753 1516 2783 et
1535 2746 1623 2782 ideo
1648 2757 1726 2781 non
1747 2752 1802 2780 est
1821 2744 1892 2781 nisi
1916 2744 2028 2781 unius
2048 2743 2214 2780 hominis
2238 2744 2287 2780 ad
2307 2743 2436 2786 alium.
2455 2732 2551 2785 ‘sed'

1480 2798 1693 2836 secundum
1729 2796 2014 2835 similitudinem
2050 2797 2284 2846 accipiuntur
2321 2796 2360 2833 in
2394 2799 2551 2856 uno'gg

1480 2851 1619 2888 eodem
1647 2850 1806 2887 homine
1826 2849 1977 2887 diversa
2004 2849 2188 2898 principia
2217 2849 2411 2886 actionum
2438 2842 2549 2897 quast

1481 2905 1630 2942 diversa
1658 2903 1821 2951 agentia:
1852 2902 1948 2939 sicut
1975 2902 2069 2939 ratio
2100 2909 2135 2938 et
2163 2901 2362 2944 irascibilis
2391 2898 2552 2962 eico&

1481 2956 1718 3006 cupiscibilis.
1741 2957 1789 2992 Et
1807 2955 1894 2992 ideo
1913 2955 2174 3004 metaphorice
2189 2955 2232 3001 in
2248 2967 2329 2998 vuno
2350 2961 2387 2991 et
2406 2953 2545 2997 eodem

1479 3009 1637 3047 homine
1657 3008 1791 3046 dicitur
1811 3021 1892 3045 esse
1912 3008 2062 3055 iustitia,
2092 3002 2305 3050 secundum
2324 3002 2550 3067 quod-rati?-

1480 3063 1642 3111 imperat
1671 3058 1842 3098 irascibili
1870 3068 1907 3098 et
1935 3061 2235 3110 concupiscibili,
2266 3067 2302 3097 et
2330 3053 2553 3121 secundum}

1480 3116 1586 3164 quod
1613 3116 1686 3151 hae
1706 3119 1718 3135 ἰ
1747 3114 1931 3151 obediunt
1959 3114 2112 3160 rationi,
2143 3122 2179 3150 et
2206 3112 2544 3163 universaliterfses-

1481 3168 1650 3204 cundum
1672 3167 1776 3215 quod
1796 3166 2001 3215 unicuique
2021 3166 2116 3214 parti
2141 3166 2308 3203 hominis
2333 3159 2545 3213 attribuitur

1481 3219 1586 3269 quod
1606 3219 1639 3255 ei
1661 3219 1850 3256 convenit.
1871 3219 1982 3256 Unde
2003 3218 2270 3268 Philosophus,
2287 3211 2550 3271 inVEth't'cff,
2571 3223 2781 3272 ’S-ssgffggxp-xgffi

1481 3274 1580 3309 hanc
1599 3272 1777 3308 iustitiam
1798 3272 1962 3320 appellat
1984 3272 2187 3308 secundum
2207 3272 2465 3320 metaphoram
2491 3267 2543 3307 di-

1482 3334 1592 3362 ctam.

1533 3447 1557 3481 δ)
1577 3448 1711 3472 alietas.-
1728 3447 1877 3480 aequalitas
1897 3447 1965 3475 ΡΚα,
1985 3447 2109 3472 alienitas
2127 3447 2158 3471 L.

1533 3484 1554 3515 ε)
1575 3483 1633 3508 hae.
1646 3496 1666 3503 -
1683 3483 1748 3507 haec
1767 3482 1846 3507 PlLa.

2571 1032 2580 1041 ⁸
2596 1031 2652 1059 Cap.
2668 1037 2703 1056 tv.
2718 1038 2740 1052 n.
2757 1037 2781 1058 7:

2571 1063 2705 1105 gapfhf'xbc'.
2710 1064 2785 1109 'vns‘xrt

2572 1242 2581 1251 ¹·
2592 1240 2640 1268 Qu.
2650 1246 2704 1263 xxv.
2715 1245 2757 1263 an.
2770 1247 2785 1262 ι.

2572 1962 2582 1972 ·
2590 1961 2640 1990 Qu.
2647 1967 2705 1985 un,
2716 1965 2757 1993 art.
2768 1967 2783 1982 ι.

2571 2225 2582 2235 ·
2595 2224 2619 2246 1·
2629 2223 2684 2253 11¹⁹,
2697 2230 2736 2253 qu.
2748 2230 2784 2251 Lx,

2573 2252 2655 2276 nvn
2677 2256 2718 2278 qu.
2735 2256 2783 2277 tn,

2572 2280 2615 2325 εἴ.
2628 2283 2654 2325 ῗς
2669 2283 2707 2305 qu.
2720 2282 2784 2304 exin,
