2860 4244
71 735 82 748 ⁸
95 735 131 756 Ps.
142 741 183 757 vu.

73 842 189 865 ‘luterlim
197 842 282 864 [amb.

39 2320 42 2322 ⁷
75 2322 282 2352 'Qu-mnnd-

83 3447 94 3458 ⁴
119 3446 140 3468 11
163 3445 292 3472 Maenas„

83 3478 134 3500 etp.
140 3478 187 3500 xiv,
194 3477 291 3500 vers-35.

276 1227 283 1234 ·
307 1204 430 1246 Ethic.
453 1204 491 1251 *,
520 1204 648 1253 amari
681 1203 803 1241 simile
830 1209 884 1240 est
909 1204 946 1240 ei
971 1203 1073 1251 quod
1098 1209 1152 1240 est
1177 1204 1372 1241 honorari.

274 1253 283 1287 ’-
310 1257 555 1295 Sedeadem
584 1266 640 1294 est
661 1257 780 1294 virtus
799 1256 959 1294 caritatis
983 1268 1060 1304 qua
1079 1265 1228 1294 amatur
1255 1258 1374 1305 Deus,

200 1687 208 1698 '
250 1685 256 1691 '
309 1681 381 1732 piis
410 1682 516 1731 quod
543 1694 618 1719 non
647 1682 909 1724 iudicaverunt
938 1682 1120 1719 honorem
1157 1683 1375 1719 animarum

994 252 1261 299 QUAESTlo
1292 252 1398 299 C111,

1427 252 1723 289 ARTICULUS
1755 252 1803 288 111

1107 369 1425 412 ARTICULUS
1455 369 1685 412 TERTIUS

745 462 900 494 UTRUM
921 460 1055 492 DULlA
1078 459 1145 491 SlT
1169 459 1382 492 SPEelAms
1406 461 1563 492 vmrus
1586 464 1615 492 A
1639 461 1800 491 LATRIA
1824 460 2056 491 DlSTlNCTA

1031 540 1062 565 III
1082 541 1164 570 Sent„
1185 540 1244 566 dist.
1263 548 1295 571 u,
1315 549 1361 573 qu.
1378 548 1405 571 11,

457 714 487 767 f
503 725 507 729 ’
522 727 705 766 distincta.
727 726 830 773 Quia
848 739 963 775 super
977 726 1069 764 1llud
1085 728 1225 764 Psalm.
1241 727 1272 774 *,
1294 728 1373 764 Do-

364 806 366 809 .
400 775 449 806 *T*
476 773 622 818 &mine
654 781 758 817 Deus
790 791 914 826 meus,
945 780 981 816 in
1009 785 1052 816 te
1084 781 1253 829 speravi,
1264 756 1401 817 dicit}

309 833 447 871 Glossa
464 832 500 868 *ε
529 833 695 870 Domine
713 833 881 870 omnium
899 834 1204 893 perpotentiam,
1225 834 1288 870 cui
1312 834 1373 870 de·
1383 853 1401 868 η

309 886 416 923 betur
449 885 571 923 dulia.-
606 887 710 923 Deus
738 897 812 934 per
849 886 1095 933 creationem,
1124 886 1187 923 cui
1221 886 1375 923 debetur

309 938 433 976 latria.
463 940 541 977 Sed
569 952 648 977 non
676 946 732 977 est
760 939 933 977 distincta
958 939 1078 976 virtus
1105 951 1204 987 quae
1225 939 1375 976 ordina-

308 999 369 1029 tur
396 991 435 1028 in
463 993 591 1030 Deum
629 993 841 1030 secundum
879 992 985 1041 quod
1013 999 1069 1029 est
1095 992 1308 1039 Dominus,
1339 999 1375 1028 et

310 1045 523 1083 secundum
561 1046 666 1094 quod
704 1052 759 1082 est
787 1046 904 1082 Deus.
941 1046 1042 1092 Ergo
1083 1045 1183 1082 dulia
1211 1057 1290 1082 non
1320 1052 1374 1082 est

308 1098 429 1136 virtus
458 1098 632 1136 distincta
659 1111 682 1135 a
709 1098 827 1135 latria.

364 1163 400 1188 2.
420 1153 655 1198 PRAETEREA,
684 1151 896 1188 secundum
917 1150 1208 1198 Philosophum,
1228 1150 1267 1187 in
1285 1150 1372 1187 VIII

310 1317 348 1347 et
374 1322 451 1359 qua
479 1317 629 1348 amatur
661 1310 871 1359 proximus.
905 1311 1008 1358 Ergo
1043 1310 1162 1357 dulia,
1193 1322 1268 1359 qua
1305 1311 1374 1347 ho—

309 1371 467 1401 noratur
501 1363 721 1413 proximus,
751 1376 829 1400 non
863 1363 918 1400 est
955 1362 1028 1400 alia
1055 1363 1175 1400 virtus
1204 1376 1226 1400 a
1253 1364 1374 1411 latria,

309 1418 386 1467 qua
413 1417 626 1454 honoratur
652 1418 770 1454 Deus.

365 1470 400 1507 3.
421 1470 657 1517 ΡκΑΕτΕκΕΑ,
677 1470 780 1508 idern
801 1477 857 1506 est
884 1477 1012 1506 motus
1031 1481 1110 1517 quo
1131 1469 1264 1518 aliquis
1292 1482 1375 1506 mo·
1401 1473 1403 1485 ³

308 1530 423 1560 vetur
449 1522 488 1560 in
516 1523 736 1572 imaginem,
757 1530 794 1560 et
811 1522 850 1559 in
879 1534 960 1559 rem
990 1522 1097 1559 cuius
1122 1530 1176 1559 est
1195 1522 1323 1570 imago
1342 1522 1373 1560 ²⁸.

311 1575 390 1614 Sed
417 1587 486 1625 per
506 1576 647 1614 duliam
666 1577 878 1613 honoratur
896 1575 1016 1612 homo
1036 1575 1265 1623 inquantum
1287 1583 1344 1612 est
1358 1581 1375 1597 ‘²

311 1629 359 1666 acl
387 1629 461 1666 Dei
488 1629 711 1677 imaginem:
742 1628 877 1666 dicitur
904 1628 1007 1665 enim
1035 1629 1123 1676 Sap.
1145 1641 1167 1666 11
1186 1627 1207 1650 ’¹‘
1235 1628 1315 1665 de
1306 1641 1376 1665 im-

309 1739 546 1775 sanctarum:
581 1736 760 1785 quoniam
788 1736 893 1772 Deus
921 1736 1064 1772 creavit
1097 1735 1287 1772 hominem
1321 1736 1376 1772 in-

309 1787 647 1835 exterminabilem,
675 1794 709 1825 et
736 1788 788 1825 ad
814 1788 1021 1838 imaginem
1049 1799 1142 1825 suae
1167 1788 1375 1825 similitudi·
1402 1783 1404 1799 ³

311 1841 370 1879 nis
384 1842 486 1891 fecit
510 1842 626 1879 illum.
662 1842 765 1890 Ergo
795 1841 896 1878 dulia
915 1839 930 1870 fl
958 1853 1037 1878 non
1072 1849 1127 1878 est
1155 1841 1228 1878 alia
1259 1841 1377 1878 virtus

311 1906 334 1931 a
360 1894 479 1942 latria,
508 1907 584 1944 qua
611 1896 822 1932 honoratur
850 1895 967 1931 Deus.

366 1947 442 1985 SED
470 1959 617 1986 CONTRA
643 1960 711 1985 EST
738 1947 844 1997 quod
872 1946 1106 1996 Augustinus
1134 1946 1239 1994 dicit,
1270 1947 1305 1984 X
1333 1947 1379 1984 de

317 1996 396 2038 (Σίν.
418 2001 493 2038 Dei
507 2002 538 2049 *,
556 2001 662 2050 quod
680 2002 757 2039 alia
776 2006 831 2039 est
845 2001 1004 2038 servitus
1022 2011 1120 2048 quae
1142 2000 1296 2038 debetur
1313 2001 1378 2037 ho-

311 2053 485 2100 minibus,
503 2054 709 2092 secundum
736 2066 851 2103 quam
873 2054 1066 2102 praecepit
1081 2053 1283 2102 Apostolus
1301 2066 1379 2090 ser-

309 2118 378 2145 vos
396 2107 558 2145 dominis
579 2108 656 2145 suis
673 2107 838 2145 subditos
856 2119 946 2153 esse,
966 2118 1064 2155 quae
1081 2106 1221 2144 scilicet
1236 2119 1379 2157 graece
1404 2127 1440 2166 5

311 2159 414 2198 dulia
442 2160 599 2198 dit-itur:
631 2160 708 2198 alia
738 2172 826 2198 vero
856 2159 986 2205 latria,
1015 2171 1113 2208 quae
1139 2160 1276 2197 dicitur
1301 2172 1379 2197 ser·
1404 2168 1406 2179 ¹

311 2214 408 2251 vitus
428 2214 625 2262 pertinens
649 2215 701 2251 ad
726 2213 923 2251 colendum
951 2214 1088 2250 Deum.

366 2266 594 2304 Responnno
622 2278 808 2317 martimum
837 2267 954 2314 quod,
976 2265 1189 2303 secundum
1213 2278 1259 2303 ea
1279 2278 1378 2314 quae

313 2331 429 2368 supra
446 2319 467 2341 *
495 2320 593 2357 dicta
621 2328 728 2366 sunt,
758 2319 823 2356 ubi
852 2328 908 2356 est
935 2319 1007 2356 alia
1036 2318 1131 2356 ratio
1161 2318 1298 2365 debiti,
1327 2319 1379 2356 ibi
1405 2335 1406 2340 ¹

313 2384 470 2410 necesse
508 2381 564 2410 est
591 2374 697 2421 quod
731 2372 777 2409 sit
814 2372 886 2409 alia
912 2372 1032 2409 virtus
1070 2384 1168 2421 quae
1207 2372 1378 2409 debitum

313 2425 458 2463 reddat.
487 2426 572 2463 Alia
600 2434 728 2462 autern
749 2426 895 2462 ratione
915 2425 1077 2462 debetur
1100 2425 1258 2462 servitus
1278 2426 1376 2472 Deo,
1404 2449 1406 2456 ‹

314 2485 351 2515 et
369 2478 536 2516 homini:
556 2479 651 2516 sicut
670 2479 742 2516 alia
762 2479 905 2515 ratione
922 2478 1123 2516 dominum
1144 2491 1226 2515 esse
1239 2483 1254 2506 Ὺ
1274 2491 1379 2516 com-

312 2532 406 2581 petit
442 2533 549 2579 Deo„
581 2540 616 2569 et
643 2532 803 2570 homini.
834 2532 938 2569 Nam
966 2532 1073 2569 Deus
1101 2531 1314 2581 plenarium
1344 2539 1379 2568 et

313 2584 521 2634 principale
550 2585 763 2623 dominium
790 2585 907 2623 habet
926 2593 1100 2633 respectu
1128 2585 1241 2622 totius
1261 2593 1296 2622 et
1316 2597 1379 2622 eu·
1405 2583 1406 2594 ¹

314 2637 465 2675 iuslibet
501 2646 715 2686 creaturae,
745 2650 844 2686 quae
872 2638 1032 2675 totaliter
1069 2638 1150 2675 eius
1184 2637 1380 2675 subiicitur

313 2690 510 2740 potestati:
544 2692 662 2728 homo
698 2699 825 2728 autem
862 2691 1062 2740 participat
1097 2691 1292 2740 quandam
1330 2691 1378 2728 si-

315 2743 568 2781 militudinem
596 2743 715 2793 divini
743 2743 915 2792 dominii,
936 2744 1150 2781 secundum
1178 2744 1284 2792 quod
1312 2745 1379 2781 ha-

314 2797 380 2834 bet
407 2796 673 2846 particularem
707 2804 934 2845 potestatem
963 2808 1077 2846 super
1114 2796 1280 2846 aliquem
1309 2797 1378 2834 ho-

316 2850 463 2888 minem
489 2850 553 2887 vel
585 2861 701 2898 super
735 2850 904 2898 aliquam
942 2857 1166 2887 creaturam.
1205 2851 1255 2887 Et
1291 2849 1379 2887 ideo

317 2903 441 2950 dulia,
471 2915 569 2951 quae
599 2902 767 2940 debitam
795 2902 1017 2940 servitutem
1051 2902 1204 2939 exhibet
1234 2902 1380 2940 homini

318 2955 542 3003 dominanti,
572 2955 644 2992 alia
669 2955 790 2992 virtus
819 2963 874 2992 est
902 2967 924 2992 a
952 2954 1073 3001 latria,
1102 2967 1202 3003 quae
1231 2955 1382 2992 exhibet

371 3068 398 3100 α)
417 3071 465 3094 est.
482 3069 603 3102 -sactus
620 3069 691 3094 addit
707 3069 741 3100 H,
760 3068 829 3094 idem
848 3074 908 3101 post
926 3069 1069 3102 imaginem
1088 3069 1160 3095 PGa.

371 3101 396 3136 β)
417 3103 501 3128 dulia.
518 3117 537 3123 -
554 3111 607 3136 qua
625 3087 775 3129 honorat'ur
790 3104 937 3136 proximus
955 3104 1052 3129 addunt
1070 3105 1157 3138 pCsK.

370 3139 397 3172 γ)
417 3138 553 3164 dominum
571 3146 637 3164 esse.
653 3151 674 3159 -
691 3139 838 3165 dominium
858 3140 912 3165 PD.

371 3173 397 3206 ὃ)
417 3174 526 3200 dicitur.
542 3187 562 3195 -
579 3174 662 3200 latine
679 3174 750 3200 addit
767 3175 796 3200 F.

1425 546 1471 566 art.
1495 549 1521 572 ¹3
1542 541 1572 566 In
1591 541 1689 566 Psalm.
1709 541 1769 566 XL.

1428 620 1595 657 debitam
1616 621 1833 657 servitutem
1855 621 1982 658 divino
2013 620 2197 658 dominio.
2227 621 2276 657 Et
2296 628 2351 657 est
2376 633 2491 669 quae-

1398 690 1400 704 ι
1428 673 1516 710 dam
1538 674 1803 711 observantiae
1823 674 1981 723 species.
2003 673 2104 720 Quia
2122 686 2191 722 per
2207 674 2491 711 observantiam

1426 727 1664 762 honoramus
1692 739 1957 775 quascumque
1976 739 2161 775 personas
2181 726 2356 775 dignitate
2383 739 2492 775 prae-

1428 780 1623 815 cellentes:
1661 792 1730 828 per
1767 780 1908 817 duliam
1940 788 2069 816 autem
2106 780 2260 828 proprie
2297 788 2490 829 sumptam

1428 832 1527 868 servi
1547 844 1637 868 suos
1663 832 1841 869 dominos
1861 841 2108 878 venerantur;
2138 833 2240 870 dulia
2261 833 2362 869 enim
2387 845 2492 881 grae—

1430 897 1471 922 ce
1499 885 1657 921 servitus
1686 885 1821 922 dicitur
1839 883 1865 922 δ.
2482 927 2484 930 ,

1481 939 1541 974 AD
1569 950 1707 975 ptumum
1740 949 1838 975 ERGO
1875 949 2060 975 DICENDUM
2098 938 2201 986 quod
2230 938 2325 975 sicut
2362 938 2492 986 religio

1428 1003 1498 1039 per
1526 991 1785 1027 excellentiam
1815 990 1949 1028 dicitur
1976 991 2108 1039 pietas,
2130 991 2359 1039 inquantum
2387 993 2493 1028 Deus

1430 1051 1485 1080 est
1511 1056 1580 1092 per
1610 1042 1869 1080 excellentiam
1898 1044 2031 1090 Pater3
2061 1043 2110 1080 ita
2139 1044 2251 1081 etiam
2290 1044 2396 1081 latria
2425 1057 2494 1093 per

1401 1123 1402 1138 2
1431 1096 1688 1133 excellentiam
1725 1096 1858 1133 dicitur
1886 1096 2009 1143 dulia,
2038 1097 2264 1144 inquantum
2297 1099 2403 1134 Deus
2433 1110 2494 1134 ex-

1430 1150 1607 1187 cellenter
1627 1158 1681 1186 est
1699 1149 1903 1187 Dominus.
1933 1150 2025 1186 Non
2053 1157 2181 1186 autem
2210 1158 2381 1187 creatura
2409 1163 2494 1199 par-

1401 1216 1403 1241 τ
1429 1203 1557 1252 ticipat
1584 1203 1796 1252 potentiam
1826 1202 1990 1248 creandi,
2015 1202 2160 1240 ratione
2190 1202 2295 1240 cuius
2315 1204 2400 1240 Deo
2431 1203 2495 1240 de-

1401 1286 1403 1304 :
1429 1257 1540 1293 betur
1558 1256 1674 1293 latria.
1704 1257 1753 1293 Et
1767 1256 1854 1293 ideo
1874 1256 2000 1303 glossa
2015 1255 2077 1292 illa
2092 1255 2268 1303 distinxit,
2289 1256 2495 1293 attribuens

1429 1309 1577 1346 latriam
1605 1310 1690 1346 Deo
1725 1309 1938 1346 secundum
1977 1309 2230 1356 creationem,
2261 1321 2359 1358 quae
2393 1321 2496 1346 crea-

1401 1403 1403 1406 ·
1429 1370 1535 1399 turae
1563 1374 1643 1399 non
1672 1362 1997 1408 communicatur;
2036 1362 2179 1399 duliam
2199 1366 2211 1382 ⁸
2238 1374 2334 1399 vero
2363 1374 2495 1399 secun-

1401 1413 1403 1426 ³
1430 1416 1523 1453 dum
1553 1415 1790 1462 dominium,
1820 1416 1924 1463 quod
1955 1422 2148 1452 creaturae
2177 1415 2494 1453 communicatur.

1482 1471 1542 1505 AD
1579 1480 1771 1506 SECUNDUM
1808 1480 1993 1506 DICENDUM
2034 1468 2139 1517 quod
2182 1468 2276 1505 ratio
2320 1468 2496 1516 diligendi

1402 1521 1651 1570 ¹proximum
1688 1522 1796 1558 Deus
1833 1529 1906 1567 est,
1943 1533 2022 1558 non
2060 1521 2162 1557 enim
2201 1521 2390 1569 diligimus
2427 1534 2497 1570 per

1431 1574 1625 1611 caritatem
1653 1574 1692 1611 in
1710 1574 1887 1623 proximo
1917 1573 1986 1611 nisi
2009 1575 2158 1611 Deum:
2189 1581 2226 1610 et
2248 1574 2336 1611 ideo
2362 1575 2497 1611 eadem

1402 1629 1403 1647 ³
1431 1627 1564 1664 caritas
1593 1634 1648 1664 est
1676 1639 1752 1676 qua
1777 1626 1939 1675 diligitur
1966 1628 2084 1673 Deus,
2107 1635 2142 1663 et
2161 1627 2368 1676 proximus.
2399 1628 2496 1664 Sunt

1429 1689 1558 1718 tamen
1587 1680 1682 1717 aliae
1711 1680 1916 1727 amicitiae,
1947 1679 2164 1717 differentes
2193 1692 2215 1716 a
2244 1680 2411 1727 caritate,
2441 1693 2497 1718 se-

1402 1729 1404 1773 }
1431 1733 1601 1771 cundum
1630 1733 1721 1771 alias
1750 1733 1914 1770 rationes
1943 1733 2081 1782 quibus
2109 1733 2286 1770 homines
2306 1742 2495 1770 amantur.

1431 1788 1480 1824 Et
1509 1786 1689 1834 similiter,
1711 1799 1799 1823 curn
1829 1786 1875 1823 sit
1903 1786 1976 1823 alia
2004 1786 2098 1823 ratio
2127 1786 2318 1823 serviendi
2346 1787 2432 1823 Deo
2462 1795 2499 1823 et

1431 1840 1591 1887 homini,
1613 1847 1677 1877 aut
1695 1839 1914 1877 honorandi
1941 1847 2160 1889 utrumque,
2182 1852 2261 1876 non
2281 1847 2337 1876 est
2361 1840 2497 1877 eadem

1431 1894 1551 1932 virtus
1580 1893 1686 1930 latria
1715 1901 1751 1930 et
1779 1893 1891 1930 dulia.

1485 1948 1544 1983 An
1571 1957 1733 1984 TERTtuM
1760 1957 1945 1983 DlCENDUM
1971 1945 2077 1994 quod
2104 1953 2234 1983 motus
2269 1946 2334 1994 qui
2371 1953 2426 1983 est
2459 1946 2498 1983 in

1432 1999 1641 2047 imaginem
1670 2000 1896 2049 inquantum
1918 2006 1974 2036 est
2001 1998 2140 2047 imago,
2163 1999 2322 2036 refertur
2348 1998 2387 2035 in
2415 2011 2498 2036 rem

1434 2053 1541 2090 cuius
1570 2061 1626 2090 est
1652 2052 1779 2112 imago
1798 2052 1839 2090 *ε
1868 2064 1948 2089 non
1975 2059 2104 2089 tamen
2124 2052 2251 2089 omnis
2277 2059 2405 2088 motus
2434 2052 2499 2101 qui
2525 2062 2536 2074 ·

1434 2114 1490 2143 est
1528 2106 1567 2143 in
1603 2106 1809 2154 imaginem
1849 2113 1904 2142 est
1932 2104 1944 2130 t
1981 2105 2019 2142 in
2059 2117 2144 2142 eam
2181 2105 2406 2164 inquantum
2444 2113 2500 2142 est

1431 2159 1572 2219 imago.
1604 2160 1653 2196 Et
1681 2159 1768 2196 ideo
1789 2159 2023 2208 quandoque
2052 2166 2108 2195 est
2136 2158 2230 2195 alius
2259 2158 2386 2207 specie
2415 2171 2498 2196 mo-

1432 2220 1492 2249 tus
1520 2213 1559 2249 in
1587 2212 1807 2260 imaginem,
1830 2219 1866 2248 et
1893 2219 2021 2253 motus
2050 2212 2088 2248 in
2117 2223 2210 2248 rem.
2242 2211 2305 2248 Sic
2325 2223 2414 2259 ergo
2445 2212 2499 2249 di-

1433 2266 1600 2303 cendum
1631 2273 1687 2302 est
1705 2265 1811 2313 quod
1838 2265 1965 2302 honor
1981 2265 2044 2302 vel
2064 2264 2247 2301 subiectio
2269 2264 2393 2302 duliae
2423 2277 2500 2302 res-

1433 2319 1523 2368 picit
1542 2319 1716 2356 absolute
1736 2318 1931 2366 quandam
1951 2317 2120 2362 hominis
2140 2318 2372 2366 dignitatem.
2394 2318 2500 2355 Licet

1434 2372 1536 2409 enirn
1574 2371 1786 2408 secundum
1822 2371 1923 2408 illam
1964 2371 2183 2419 dignitatern
2221 2372 2267 2407 sit
2301 2372 2420 2407 homo
2451 2372 2499 2408 ad

1432 2425 1639 2473 imaginem
1660 2426 1722 2462 vel
1742 2424 2026 2461 similitudinem
2046 2424 2132 2469 Dei,
2153 2436 2232 2461 non
2251 2431 2381 2460 tamen
2402 2437 2499 2461 sem-

1434 2491 1502 2527 per
1536 2479 1678 2524 homo,
1708 2477 1864 2526 quando
1894 2477 2146 2515 reverentiam
2184 2477 2289 2514 alteri
2327 2477 2499 2525 exhibet,

1405 2545 1406 2573 5
1434 2532 1547 2568 refert
1573 2532 1649 2568 hoc
1678 2538 1762 2568 actu
1793 2531 1832 2567 in
1860 2532 2000 2568 Deum.

1486 2585 1557 2622 Vel
1587 2584 1791 2622 dicendum
1821 2584 1926 2633 quod
1954 2591 2084 2621 motus
2117 2583 2182 2632 qui
2215 2591 2271 2620 est
2303 2583 2342 2620 in
2370 2583 2502 2632 imagi-

1434 2650 1524 2675 nem
1544 2637 1840 2687 quodammodo
1862 2645 1917 2674 est
1936 2637 1974 2674 in
1995 2649 2093 2674 rem:
2123 2649 2202 2674 non
2222 2644 2352 2673 tamen
2372 2645 2500 2674 motus

1434 2691 1500 2740 qui
1536 2698 1591 2727 est
1618 2691 1656 2727 in
1687 2703 1768 2727 rem
1806 2698 1957 2739 oportet
1993 2689 2100 2739 quod
2135 2689 2181 2726 sit
2208 2689 2246 2726 in
2281 2689 2498 2737 imaginem.

1434 2745 1484 2781 Et
1510 2744 1598 2780 ideo
1629 2744 1839 2780 reverentia
1867 2756 1966 2792 quae
1988 2743 2184 2780 exhibetur
2203 2742 2313 2779 alicui
2341 2742 2500 2792 inquan-

1434 2805 1516 2833 tum
1547 2804 1602 2833 est
1630 2797 1678 2834 ad
1709 2796 1916 2844 imaginem
1937 2801 1967 2843 ''¹,
1998 2796 2187 2833 redundat
2209 2795 2499 2844 quodammodo

1434 2850 1473 2886 in
1492 2851 1639 2886 Deum:
1670 2849 1743 2886 alia
1762 2857 1892 2887 tamen
1908 2858 1963 2886 est
1978 2849 2191 2886 reverentia
2205 2860 2304 2897 quae
2323 2848 2394 2897 ipsi
2414 2851 2499 2886 Deo

1435 2902 1644 2950 exhibetur,
1665 2915 1764 2950 quae
1785 2903 1889 2939 nullo
1909 2902 2030 2940 modo
2049 2902 2211 2951 pertinet
2229 2901 2278 2938 acl
2298 2901 2378 2938 eius
2406 2903 2502 2940 ima-

1435 2967 1577 3004 ginem.

1488 3070 1511 3101 ε)
1529 3069 1642 3094 duliam.
1658 3083 1678 3089 —
1695 3069 1770 3094 dulia
1788 3069 1903 3101 BDEFI;
1922 3069 2050 3095 duliam...
2067 3070 2280 3095 communicatur
2298 3078 2354 3096 om.
2371 3071 2405 3096 H.

1488 3104 1514 3137 ζ)
1534 3108 1581 3130 est.
1599 3118 1618 3124 -
1636 3106 1755 3138 refertur
1773 3105 1821 3131 Pa.

1489 3141 1516 3172 η)
1534 3141 1573 3165 ad
1591 3140 1746 3173 imaginem.
1763 3154 1782 3160 -
1800 3141 1826 3165 in
1847 3140 1990 3174 imaginem
2010 3141 2052 3166 ed.
2069 3147 2095 3170 a,
2115 3140 2205 3174 imago
2227 3141 2278 3166 Dei
2297 3141 2325 3172 P,
2344 3141 2381 3166 ad
2406 3141 2501 3174 imagi-

1437 3182 1496 3200 nem
1517 3175 1569 3200 Dei
1587 3183 1638 3201 non
1659 3176 1690 3201 D.

997 3262 1330 3296 commentaria
1351 3263 1605 3296 cardinalis
1625 3264 1828 3296 Caietam

322 3340 375 3421 In
403 3342 536 3374 arficulo
559 3341 652 3373 tertio
679 3341 822 3372 eiusdem
844 3342 1048 3383 quaestionis,
1072 3342 1192 3373 omisso
1223 3343 1382 3379 secundo,
1407 3343 1410 3407 Ι

353 3395 440 3424 nota,
460 3387 493 3418 in
509 3396 643 3427 corpore
657 3386 790 3422 articuli,
806 3386 895 3426 quod
914 3387 1001 3417 Deus
1015 3397 1082 3418 non
1097 3386 1204 3417 solum
1220 3394 1267 3417 est
1281 3387 1384 3417 maior

319 3432 480 3465 Dominus
503 3441 602 3472 quam
624 3431 735 3466 homo,
752 3430 828 3471 quia
849 3430 1009 3461 Dominus
1032 3432 1256 3462 universorum
1271 3431 1289 3450 *
1312 3437 1380 3462 est:

319 3478 375 3509 sed
398 3483 445 3507 est
463 3476 524 3506 alia
540 3475 662 3506 ratione
685 3474 855 3510 Dominus,
872 3475 948 3514 quia
971 3481 1018 3505 est
1039 3475 1200 3506 Dominus
1215 3476 1312 3506 totius
1328 3485 1381 3505 cu-

321 3523 432 3562 iusque
452 3522 511 3558 rei,
530 3527 642 3560 utpote
658 3519 790 3550 Creator
812 3518 924 3555 totius;
947 3519 1046 3549 homo
1069 3526 1176 3550 autem
1192 3529 1267 3549 non.
1288 3519 1381 3550 Unde
1406 3524 1408 3540 ¹

320 3565 454 3597 servitus
482 3565 623 3595 hominis
646 3563 685 3594 ad
708 3563 814 3594 Deum
838 3570 884 3594 est
907 3563 1083 3594 secundum
1107 3570 1213 3594 totum
1235 3563 1268 3593 id
1291 3564 1380 3604 quod
1405 3543 1408 3601 i

1435 3343 1682 3393 quomodolibet
1706 3350 1762 3374 est.
1786 3343 1890 3374 Errat
1916 3348 2037 3380 autem,
2060 3342 2165 3383 inquit
2188 3342 2406 3383 Hieronymus
2421 3342 2439 3362 *
2462 3343 2538 3373 de·
2557 3351 2592 3373 ef.
2608 3351 2689 3373 Senec.
2710 3352 2739 3373 de

2527 3378 2630 3405 Benefic.
2645 3378 2685 3400 lib.
2696 3379 2738 3405 111

2528 3410 2554 3425 ca
2555 3411 2579 3432 p.
2593 3411 2633 3427 xx.

1435 3387 1532 3418 servis
1564 3387 1757 3424 hominum,
1782 3388 1837 3428 qui
1859 3388 2043 3435 servitutem
2067 3387 2099 3417 in
2131 3391 2231 3417 totum
2257 3387 2416 3417 hominem
2447 3387 2500 3418 de-

1434 3431 1585 3462 scendere
1603 3436 1709 3471 putat.
1733 3432 1822 3462 Tum
1838 3437 1968 3471 propter
1981 3431 2156 3462 libertatem
2172 3431 2298 3462 mentis.
2322 3431 2411 3461 Tum
2425 3431 2501 3472 quia

1435 3475 1583 3506 materiae
1599 3475 1749 3506 dominus
1767 3486 1832 3505 non
1849 3482 1896 3505 est
1911 3475 2022 3512 homo,
2036 3475 2090 3506 sed
2107 3475 2194 3506 solus
2211 3475 2308 3512 Deus,
2325 3476 2380 3516 qui
2396 3483 2501 3516 potest

1435 3519 1609 3550 annihilare
1632 3520 1772 3550 animam
1797 3526 1827 3550 et
1851 3529 1978 3559 corpus.

1491 3563 1528 3594 ΙΙ.
1554 3564 1589 3594 In
1619 3564 1827 3604 responsione
1857 3564 1896 3594 ad
1924 3563 2052 3594 tertium
2082 3563 2223 3594 eiusdem
2255 3564 2335 3595 tertii
2359 3563 2499 3600 articuli,

2551 2062 2579 2084 D.
2594 2068 2646 2090 72⁰·
